=LDR  01173cas a22003853i 4500
=001  010186393
=003  Uk
=005  20220225081941.0
=007  ta
=008  851105c19819999enkmr\p\\\\\\\0\\\a0eng\\
=022  0\$a0268-6163$202
=040  \\$aUk$beng$cUk$erda
=210  0\$aElectron. music mak.
=222  \0$aElectronics & music maker
=245  00$aElectronics & music maker
=246  00$aElectronics and music maker
=260  \\$aCambridge :$bGlidecastle Publishing
=263  \\$a198106
=336  \\$atext$2rdacontent
=337  \\$aunmediated$2rdamedia
=338  \\$avolume$2rdacarrier
=770  0\$tComputer musician
=985  \\$aLDO SERIALS - PLEASE PASS ALL ITEMS RECEIVED TO ISSN UK CENTRE.
=CAT  \\$aCONV$b00$c20040425$lBLL90$h0849
=CAT  \\$aCONV$b00$c20040502$lBLL01$h1351
=CAT  \\$aglobal_upd$b40$c20060417$lBLL01$h1731
=CAT  \\$aBATCH$b00$c20091210$lBLL01$h0033
=CAT  \\$a11313$b40$c20220225$lBLL01$h0819
=FIN  \\$aY
=FMT  \\$a  SE
=LAS  \\$a11313$b40$c20220225$lBLL01$h0819
=LEO  \\$aMP22.0000016234
=LET  \0$aElectronics & music maker (Print)
=SRC  \\$aISN01$bbibmp22.200404.2.aa
=TCO  \\$aCLA$bCLA$c008

