=LDR  00986cas a22002898i 4500
=001  012900833
=003  Uk
=005  20230414102412.0
=007  ta
=008  040419c19999999enkuu\p\\\\\\\0\\\a0eng\\
=022  0\$a1467-5404$202
=040  \\$aUk$beng$cUk$erda
=222  \0$aAerospace. Space vehicles and satellite technologies$b(International ed.)
=245  00$aAerospace.$pSpace vehicles and satellite technologies.
=263  \\$a199901
=264  \1$aLondon :$bDerwent
=336  \\$atext$2rdacontent
=337  \\$aunmediated$2rdamedia
=338  \\$avolume$2rdacarrier
=985  \\$aISSN UK Centre: record updated from KTF card to send provisional record to Portal. File not seen.
=985  \\$aLDO SERIALS - PLEASE PASS ALL ITEMS RECEIVED TO ISSN UK CENTRE.
=CAT  \\$a11313$b40$c20040419$lTMP01$h1531
=CAT  \\$aEXLIBRIS$c20040606$lBLL01$h1132
=CAT  \\$a10973$b40$c20230414$lBLL01$h1024
=FMT  \\$a  SE
=LAS  \\$a10973$b40$c20230414$lBLL01$h1024
=TCO  \\$aCLA$bCLA$c008

