=LDR  01016cas a22002898i 4500
=001  012901572
=003  Uk
=005  20230428132408.0
=007  ta
=008  040420c199u9999xxkuu\p\\\\\\\0\\\a0eng\\
=022  0\$a0962-1415$202
=040  \\$aUk$beng$cUk$erda
=222  \0$aAsia & Pacific journal of clinical research
=245  00$aAsia & Pacific journal of clinical research.
=263  \\$a199901
=264  \1$a[Great Britain] :$b[publisher not identified]
=336  \\$atext$2rdacontent
=337  \\$aunmediated$2rdamedia
=338  \\$avolume$2rdacarrier
=985  \\$aISSN UK Centre: record updated (KTF project) to send provisional record to Portal. File not consulted, please review all details as needed.
=985  \\$aLDO SERIALS - PLEASE PASS ALL ITEMS RECEIVED TO ISSN UK CENTRE.
=CAT  \\$a11439$b40$c20040420$lTMP01$h1558
=CAT  \\$aEXLIBRIS$c20040606$lBLL01$h1132
=CAT  \\$a10973$b40$c20230428$lBLL01$h1324
=FMT  \\$a  SE
=LAS  \\$a10973$b40$c20230428$lBLL01$h1324
=TCO  \\$aCLA$bCLA$c008

