=LDR  00967cas a22002898i 4500
=001  012901890
=003  Uk
=005  20230404081737.0
=007  ta
=008  040421c200u9999xxkuu\p\\\\\\\0\\\a0eng\\
=022  0\$a1476-9654$202
=040  \\$aUk$beng$cUk$erda
=222  \0$aAdhoc$b(Qualify)
=245  00$aAdhoc.
=263  \\$a200201
=264  \1$a[Great Britain] :$b[publisher not identified]
=336  \\$atext$2rdacontent
=337  \\$aunmediated$2rdamedia
=338  \\$avolume$2rdacarrier
=985  \\$aISSN UK Centre: record updated to push provisional record to Portal (KTF project). Please update 008 info / 263 and publisher details from file as required.
=985  \\$aLDO SERIALS - PLEASE PASS ALL ITEMS RECEIVED TO ISSN UK CENTRE.
=CAT  \\$a8201$b40$c20040421$lTMP01$h1223
=CAT  \\$aEXLIBRIS$c20040606$lBLL01$h1132
=CAT  \\$a10973$b40$c20230404$lBLL01$h0817
=FMT  \\$a  SE
=LAS  \\$a10973$b40$c20230404$lBLL01$h0817
=TCO  \\$aCLA$bCLA$c008

