=LDR  00955cas a22002898i 4500
=001  012902091
=003  Uk
=005  20230428123905.0
=007  ta
=008  040421c199u9999xxkuu\p\\\\\\\0\\\a0eng\\
=022  0\$a0964-9654$202
=040  \\$aUk$beng$cUk$erda
=222  \0$aAttack$b(Qualify)
=245  00$aAttack.
=263  \\$a199501
=264  \1$a[Great Britain] :$b[publisher not identified]
=336  \\$atext$2rdacontent
=337  \\$aunmediated$2rdamedia
=338  \\$avolume$2rdacarrier
=985  \\$aISSN UK Centre: record updated (KTF project) to send provisional record to Portal, file not consulted. Please review 008/264 etc as required.
=985  \\$aLDO SERIALS - PLEASE PASS ALL ITEMS RECEIVED TO ISSN UK CENTRE.
=CAT  \\$a11439$b40$c20040421$lTMP01$h1418
=CAT  \\$aEXLIBRIS$c20040606$lBLL01$h1132
=CAT  \\$a10973$b40$c20230428$lBLL01$h1239
=FMT  \\$a  SE
=LAS  \\$a10973$b40$c20230428$lBLL01$h1239
=TCO  \\$aCLA$bCLA$c008

