=LDR  01146cas a22003378a 4500
=001  012906265
=003  Uk
=005  20220408114828.0
=007  ta
=008  040427c19959999enkuu\p\\\\\\\0\\\a0eng\\
=022  0\$a1357-7557$202
=040  \\$aUk$beng$cUk$erda
=222  \0$aCurrent opinion in pulmonary disease
=245  00$aCurrent opinion in pulmonary disease.
=263  \\$a199507
=264  \1$aMacclesfield :$bGardiner-Caldwell Communications
=336  \\$atext$2rdacontent
=337  \\$aunmediated$2rdamedia
=338  \\$avolume$2rdacarrier
=985  \\$aISSN Suppressed 08.04.2022. No evidence of publication
=985  \\$aISSN record only. Please do not merge this record. Do not add items
=985  \\$aLDO SERIALS - PLEASE PASS ALL ITEMS RECEIVED TO ISSN UK CENTRE.
=CAT  \\$a8128$b40$c20040427$lTMP01$h1615
=CAT  \\$aEXLIBRIS$c20040606$lBLL01$h1133
=CAT  \\$a11313$b40$c20211129$lBLL01$h1336
=CAT  \\$a5466D$b40$c20220408$lBLL01$h1148
=FMT  \\$a  SE
=LAS  \\$a5466D$b40$c20220408$lBLL01$h1148
=LET  \0$aCurrent opinion in pulmonary disease (Print)
=STA  \\$aSUPPRESSED$bISSN
=TCO  \\$aCLA$bCLA$c008

