=LDR  01045cas a22003258a 4500
=001  012907732
=003  Uk
=005  20230505125129.0
=007  ta
=008  040429c19uu9999enk\x\p\\\\\\\0\\\a0eng\\
=022  0\$a0007-8913$202
=040  \\$aUk$beng$cUk$erda
=222  \0$aCPR$b(Qualify)
=245  00$aCPR.
=246  3\$aContractors' plant review
=263  \\$a197506
=264  \1$a[Place of publication not identified] :$b[Publisher not identified]
=336  \\$atext$2rdacontent
=337  \\$aunmediated$2rdamedia
=338  \\$avolume$2rdacarrier
=985  \\$aISSN UK Centre note: pre-pub record updated from Ulrichs basic record. Publication date unknown.
=985  \\$aLDO SERIALS - PLEASE PASS ALL ITEMS RECEIVED TO ISSN UK CENTRE.
=CAT  \\$a11194$b40$c20040429$lTMP01$h1138
=CAT  \\$aEXLIBRIS$c20040606$lBLL01$h1133
=CAT  \\$a11313$b40$c20230505$lBLL01$h1250
=CAT  \\$a11313$b40$c20230505$lBLL01$h1251
=FMT  \\$a  SE
=LAS  \\$a11313$b40$c20230505$lBLL01$h1251
=LET  \0$aCPR (Print)
=TCO  \\$aCLA$bCLA$c008

