=LDR  00862 as a22002898a 4500
=001  012907859
=003  Uk
=005  20211026140333.0
=007  ta
=008  040429c19959999enkuu\p\\\\\\\0\\\a0eng\\
=022  0\$a1361-8547$202
=040  \\$aUk$beng$cUk$erda
=222  \0$aCricket world monthly
=245  00$aCricket world monthly.
=263  \\$a199506
=264  \1$a[Great Britain] :$b[publisher not identified]
=336  \\$atext$2rdacontent
=337  \\$aunmediated$2rdamedia
=338  \\$avolume$2rdacarrier
=985  \\$aLDO SERIALS - PLEASE PASS ALL ITEMS RECEIVED TO ISSN UK CENTRE.
=CAT  \\$a11194$b40$c20040429$lTMP01$h1345
=CAT  \\$aEXLIBRIS$c20040606$lBLL01$h1133
=CAT  \\$a11313$b40$c20211026$lBLL01$h1403
=FMT  \\$a  SE
=LAS  \\$a11313$b40$c20211026$lBLL01$h1403
=LET  \0$aCricket world monthly (Print)
=TCO  \\$aCLA$bCLA$c008

