=LDR  00979cas a22003018a 4500
=001  012907896
=003  Uk
=005  20230505114632.0
=007  ta
=008  040429c19uu9999enkuu\p\\\\\\\0\\\a0eng\\
=022  0\$a0011-1430$202
=040  \\$aUk$beng$cUk$erda
=222  \0$aCrisis & change
=245  00$aCrisis & change.
=263  \\$a197506
=264  \1$a[Place of publication not identified] :$b[Publisher not identified]
=336  \\$atext$2rdacontent
=337  \\$aunmediated$2rdamedia
=338  \\$avolume$2rdacarrier
=985  \\$aISSN UK Centre note: pre-pub record updated from Ulrichs basic record. Publication date unknown.
=985  \\$aLDO SERIALS - PLEASE PASS ALL ITEMS RECEIVED TO ISSN UK CENTRE.
=CAT  \\$a11194$b40$c20040429$lTMP01$h1422
=CAT  \\$aEXLIBRIS$c20040606$lBLL01$h1133
=CAT  \\$a11313$b40$c20230505$lBLL01$h1146
=FMT  \\$a  SE
=LAS  \\$a11313$b40$c20230505$lBLL01$h1146
=LET  \0$aCrisis & change (Print)
=TCO  \\$aCLA$bCLA$c008

