=LDR  01019cas a22003018a 4500
=001  012908145
=003  Uk
=005  20211209154010.0
=007  ta
=008  040430c20049999enkar\p\\\\\\\0\\\a0eng\\
=022  0\$a1742-4011$202
=040  \\$aUk$beng$cUk$erda
=222  \4$aThe directory of European trade and professional associations in the EU
=245  04$aThe directory of European trade and professional associations in the EU.
=263  \\$a200408
=264  \1$aLondon :$bEuropa Publications
=310  \\$aAnnual
=336  \\$atext$2rdacontent
=337  \\$aunmediated$2rdamedia
=338  \\$avolume$2rdacarrier
=985  \\$aLDO SERIALS - PLEASE PASS ALL ITEMS RECEIVED TO ISSN UK CENTRE.
=CAT  \\$a11313$b40$c20040430$lTMP01$h0929
=CAT  \\$aEXLIBRIS$c20040606$lBLL01$h1133
=CAT  \\$a11313$b40$c20211209$lBLL01$h1540
=FMT  \\$a  SE
=LAS  \\$a11313$b40$c20211209$lBLL01$h1540
=LET  \4$aThe directory of European trade and professional associations in the EU (Print)
=TCO  \\$aCLA$bCLA$c008

