=LDR  00898cas a22002898a 4500
=001  012908837
=003  Uk
=005  20220225092543.0
=007  ta
=008  040504c19859999enkuu\p\\\\\\\0\\\a0eng\\
=022  0\$a1361-7753$202
=040  \\$aUk$beng$cUk$erda
=222  \0$aElectronic British tax library$b(CD-ROM)
=245  00$aElectronic British tax library.
=263  \\$a199506
=264  \1$a[Great Britain] :$b[publisher not identified]
=336  \\$atext$2rdacontent
=337  \\$aunmediated$2rdamedia
=338  \\$avolume$2rdacarrier
=985  \\$aLDO SERIALS - PLEASE PASS ALL ITEMS RECEIVED TO ISSN UK CENTRE.
=CAT  \\$a8323$b40$c20040504$lTMP01$h0902
=CAT  \\$aEXLIBRIS$c20040606$lBLL01$h1133
=CAT  \\$a11313$b40$c20220225$lBLL01$h0925
=FMT  \\$a  SE
=LAS  \\$a11313$b40$c20220225$lBLL01$h0925
=LET  \0$aElectronic British tax library (Print)
=TCO  \\$aCLA$bCLA$c008

