=LDR  00872cas a22002898a 4500
=001  012908892
=003  Uk
=005  20220225092302.0
=007  ta
=008  040504c19959999enkuu\p\\\\\\\0\\\a0eng\\
=022  0\$a1363-2361$202
=040  \\$aUk$beng$cUk$erda
=222  \0$aElectronic publishing$b(Qualify)
=245  00$aElectronic publishing.
=263  \\$a199506
=264  \1$a[Great Britain] :$b[publisher not identified]
=336  \\$atext$2rdacontent
=337  \\$aunmediated$2rdamedia
=338  \\$avolume$2rdacarrier
=985  \\$aLDO SERIALS - PLEASE PASS ALL ITEMS RECEIVED TO ISSN UK CENTRE.
=CAT  \\$a8323$b40$c20040504$lTMP01$h0924
=CAT  \\$aEXLIBRIS$c20040606$lBLL01$h1133
=CAT  \\$a11313$b40$c20220225$lBLL01$h0923
=FMT  \\$a  SE
=LAS  \\$a11313$b40$c20220225$lBLL01$h0923
=LET  \0$aElectronic publishing (Print)
=TCO  \\$aCLA$bCLA$c008

