=LDR  01173cas a22003378a 4500
=001  012908954
=003  Uk
=005  20221107112344.0
=007  ta
=008  040504c20239999enkbr\p\\\\\\\0\\\a0eng\\
=022  0\$a1475-7265$202
=040  \\$aUk$beng$cUk$erda
=222  \0$aElectronics & technology cosmos international
=245  00$aElectronics & technology cosmos international.
=246  3\$aElectronics and technology cosmos international
=263  \\$a202303
=264  \1$aLondon :$bC. Delenardo
=310  \\$aBimonthly
=336  \\$atext$2rdacontent
=337  \\$aunmediated$2rdamedia
=338  \\$avolume$2rdacarrier
=985  \\$aISSN suppressed 29.10.02. Copy not available [Reassigned 07.11.2022, as due to be published March 2023]
=985  \\$aLDO SERIALS - PLEASE PASS ALL ITEMS RECEIVED TO ISSN UK CENTRE.
=CAT  \\$a8323$b40$c20040504$lTMP01$h0939
=CAT  \\$aEXLIBRIS$c20040606$lBLL01$h1133
=CAT  \\$aBATCH-UPD$b00$c20121030$lBLL01$h1626
=CAT  \\$a11313$b40$c20221107$lBLL01$h1123
=FMT  \\$a  SE
=LAS  \\$a11313$b40$c20221107$lBLL01$h1123
=LET  \0$aElectronics & technology cosmos international (Print)
=TCO  \\$aCLA$bCLA$c008

