=LDR  00916 as a22002898a 4500
=001  012909065
=003  Uk
=005  20211026145259.0
=007  ta
=008  040504c19909999enkuu\p\\\\\\\0\\\a0eng\\
=022  0\$a0954-2922$202
=040  \\$aUk$beng$cUk$erda
=222  \0$aCroner's hazardous waste disposal guide
=245  00$aCroner's hazardous waste disposal guide.
=263  \\$a199006
=264  \1$a[Great Britain] :$b[publisher not identified]
=336  \\$atext$2rdacontent
=337  \\$aunmediated$2rdamedia
=338  \\$avolume$2rdacarrier
=985  \\$aLDO SERIALS - PLEASE PASS ALL ITEMS RECEIVED TO ISSN UK CENTRE.
=CAT  \\$a11194$b40$c20040504$lTMP01$h1051
=CAT  \\$aEXLIBRIS$c20040606$lBLL01$h1133
=CAT  \\$a11313$b40$c20211026$lBLL01$h1452
=FMT  \\$a  SE
=LAS  \\$a11313$b40$c20211026$lBLL01$h1452
=LET  \0$aCroner's hazardous waste disposal guide (Print)
=TCO  \\$aCLA$bCLA$c008

