=LDR  00887cas a22003018i 4500
=001  012913943
=003  Uk
=005  20221128120823.0
=007  ta
=008  040511c19959999enkbr\p\\\\\\\0\\\a0eng\\
=022  0\$a1359-8643$202
=040  \\$aUk$beng$cUk$erda
=222  \0$aMaking tracks magazine
=245  00$aMaking tracks magazine.
=263  \\$a199509
=264  \1$aLondon :$bMaking Tracks Magazine Limited
=310  \\$aBimonthly
=336  \\$atext$2rdacontent
=337  \\$aunmediated$2rdamedia
=338  \\$avolume$2rdacarrier
=985  \\$aLDO SERIALS - PLEASE PASS ALL ITEMS RECEIVED TO ISSN UK CENTRE.
=CAT  \\$a9604$b40$c20040511$lTMP01$h1038
=CAT  \\$aEXLIBRIS$c20040606$lBLL01$h1133
=CAT  \\$a10973$b40$c20221128$lBLL01$h1207
=CAT  \\$a10973$b40$c20221128$lBLL01$h1208
=FMT  \\$a  SE
=LAS  \\$a10973$b40$c20221128$lBLL01$h1208
=TCO  \\$aCLA$bCLA$c008

