=LDR  00962 as a22003138i 4500
=001  012914665
=003  Uk
=005  20210525155607.0
=007  ta
=008  040511c19959999enkmr\p\\\\\\\0\\\a0eng\\
=022  0\$a1356-9120$202
=040  \\$aUk$beng$cUk$erda
=222  \0$aLogistica$b(Qualify)
=245  00$aLogistica.
=263  \\$a199501
=264  \1$aSutton :$bReed Business Publishing
=310  \\$aMonthly
=336  \\$atext$2rdacontent
=337  \\$aunmediated$2rdamedia
=338  \\$avolume$2rdacarrier
=985  \\$aIf 776 field required add in {dollar}i Also issued online as: [Please delete this 985 field if not required]
=985  \\$aLDO SERIALS - PLEASE PASS ALL ITEMS RECEIVED TO ISSN UK CENTRE.
=CAT  \\$a11439$b40$c20040511$lTMP01$h1409
=CAT  \\$aEXLIBRIS$c20040606$lBLL01$h1133
=CAT  \\$a11130$b40$c20210525$lBLL01$h1556
=FMT  \\$a  SE
=LAS  \\$a11130$b40$c20210525$lBLL01$h1556
=LET  \0$a*** (Print)
=TCO  \\$aCLA$bCLA$c008

