=LDR  00968cas a22003138a 4500
=001  012916925
=003  Uk
=005  20220224143615.0
=007  ta
=008  040513c19959999enkuu\p\\\\\\\0\\\a0eng\\
=022  0\$a0959-4671$202
=040  \\$aUk$beng$cUk$erda
=222  \0$aNew kids on the block$b(Qualify)
=245  00$aNew kids on the block.
=263  \\$a199506
=264  \1$a[Great Britain] :$b[publisher not identified]
=336  \\$atext$2rdacontent
=337  \\$aunmediated$2rdamedia
=338  \\$avolume$2rdacarrier
=985  \\$aLDO SERIALS - PLEASE PASS ALL ITEMS RECEIVED TO ISSN UK CENTRE.
=CAT  \\$a6537$b40$c20040513$lTMP01$h1603
=CAT  \\$aEXLIBRIS$c20040606$lBLL01$h1134
=CAT  \\$a8124$b40$c20211019$lBLL01$h1523
=CAT  \\$a8124$b40$c20220216$lBLL01$h0752
=CAT  \\$a11313$b40$c20220224$lBLL01$h1436
=FMT  \\$a  SE
=LAS  \\$a11313$b40$c20220224$lBLL01$h1436
=LET  \0$aNew kids on the block (Print)
=TCO  \\$aCLA$bCLA$c008

