=LDR  00926cas a22002898i 4500
=001  012922962
=003  Uk
=005  20230428135038.0
=007  ta
=008  040524c199u9999xxkuu\p\\\\\\\0\\\a0eng\\
=022  0\$a0959-7956$202
=040  \\$aUk$beng$cUk$erda
=222  \0$aSK8 action poster
=245  00$aSK8 action poster.
=263  \\$a199501
=264  \1$a[Great Britain] :$b[publisher not identified]
=336  \\$atext$2rdacontent
=337  \\$aunmediated$2rdamedia
=338  \\$avolume$2rdacarrier
=985  \\$aISSN UK Centre: record updated to send provisional record to Portal (KTF project), file not consulted.
=985  \\$aLDO SERIALS - PLEASE PASS ALL ITEMS RECEIVED TO ISSN UK CENTRE.
=CAT  \\$a6537$b40$c20040524$lTMP01$h1547
=CAT  \\$aEXLIBRIS$c20040606$lBLL01$h1134
=CAT  \\$a10973$b40$c20230428$lBLL01$h1350
=FMT  \\$a  SE
=LAS  \\$a10973$b40$c20230428$lBLL01$h1350
=TCO  \\$aCLA$bCLA$c008

