=LDR  01016cas a22003018i 4500
=001  012926197
=003  Uk
=005  20230426143404.0
=007  ta
=008  040527c19uu9999xxkar\p\\\\\\\0\\\a0eng\\
=022  0\$a0960-9326$202
=040  \\$aUk$beng$cUk$erda
=222  \0$aShooting times review of the year
=245  00$aShooting times review of the year.
=263  \\$a199001
=264  \1$a[Great Britain] :$b[publisher not identified]
=310  \\$aAnnual
=336  \\$atext$2rdacontent
=337  \\$aunmediated$2rdamedia
=338  \\$avolume$2rdacarrier
=985  \\$aISSN UK Centre: record updated from KTF card to send provisional record to Portal. File not consulted so dates/publishing info not known.
=985  \\$aLDO SERIALS - PLEASE PASS ALL ITEMS RECEIVED TO ISSN UK CENTRE.
=CAT  \\$a8323$b40$c20040527$lTMP01$h1004
=CAT  \\$aEXLIBRIS$c20040606$lBLL01$h1134
=CAT  \\$a10973$b40$c20230426$lBLL01$h1434
=FMT  \\$a  SE
=LAS  \\$a10973$b40$c20230426$lBLL01$h1434
=TCO  \\$aCLA$bCLA$c008

