=LDR  00691 as a22002538i 4500
=001  017169039
=003  Uk
=005  20150423093927.0
=007  ta
=008  150423c20159999enkfr\p\\\\\\\0\\\a0eng\\
=022  0\$a2059-0334$202
=040  \\$aUk$beng$cUk$erda
=222  \0$aJay Mews continental
=245  00$aJay Mews continental
=263  \\$a201506
=264  \1$aBirmingham :$bJ. Lilley
=310  \\$aSemiannual
=336  \\$atext$2rdacontent
=337  \\$aunmediated$2rdamedia
=338  \\$avolume$2rdacarrier
=985  \\$aLDO SERIALS - PLEASE PASS ALL ITEMS RECEIVED TO ISSN UK CENTRE.
=CAT  \\$a11315$b40$c20150423$lBLL01$h0939
=FMT  \\$a  SE
=LAS  \\$a11315$b40$c20150423$lBLL01$h0939

