=LDR  00913 as a22003018i 4500
=001  017170334
=003  Uk
=005  20150803143632.0
=007  ta
=008  150424c20159999enkar\p\\\\\\\0\\\a0eng\\
=022  0\$a2059-0962$202
=040  \\$aUk$beng$cUk$erda
=222  \4$aThe LSA review$b(Print)
=245  04$aThe LSA review.
=246  3\$aLeicester School of Architecture review
=263  \\$a201509
=264  \1$aLeicester :$bLeicester School of Architecture
=310  \\$aAnnual
=336  \\$atext$2rdacontent
=337  \\$aunmediated$2rdamedia
=338  \\$avolume$2rdacarrier
=776  08$iAlso issued online as:$tLSA review$x2059-0970
=985  \\$aLDO SERIALS - PLEASE PASS ALL ITEMS RECEIVED TO ISSN UK CENTRE.
=CAT  \\$a10973$b40$c20150424$lBLL01$h1448
=CAT  \\$a11130$b40$c20150803$lBLL01$h1436
=FMT  \\$a  SE
=LAS  \\$a11130$b40$c20150803$lBLL01$h1436
=LET  \4$aThe LSA review (Print)

