=LDR  00694 as a22002538i 4500
=001  017170706
=003  Uk
=005  20150427114049.0
=007  ta
=008  150427c20159999enkqr\p\\\\\\\0\\\a0eng\\
=022  0\$a2059-1004$202
=040  \\$aUk$beng$cUk$erda
=222  \0$aWearside craic
=245  00$aWearside craic.
=263  \\$a201504
=264  \1$aSunderland :$bUniversity of Sunderland
=310  \\$aQuarterly
=336  \\$atext$2rdacontent
=337  \\$aunmediated$2rdamedia
=338  \\$avolume$2rdacarrier
=985  \\$aLDO SERIALS - PLEASE PASS ALL ITEMS RECEIVED TO ISSN UK CENTRE.
=CAT  \\$a10973$b40$c20150427$lBLL01$h1140
=FMT  \\$a  SE
=LAS  \\$a10973$b40$c20150427$lBLL01$h1140

