=LDR  00769 as a22002658i 4500
=001  017175894
=003  Uk
=005  20150429135405.0
=007  ta
=008  150429c20159999enker\p\\\\\\\0\\\a0eng\\
=022  0\$a2059-108X$202
=040  \\$aUk$beng$cUk$erda
=222  \0$aFighting forces of World War II
=245  00$aFighting forces of World War II.
=246  3\$aFighting forces of World War two
=263  \\$a201509
=264  \1$aLondon :$bDe Agostini UK Ltd
=310  \\$aFortnightly
=336  \\$atext$2rdacontent
=337  \\$aunmediated$2rdamedia
=338  \\$avolume$2rdacarrier
=985  \\$aLDO SERIALS - PLEASE PASS ALL ITEMS RECEIVED TO ISSN UK CENTRE.
=CAT  \\$a10973$b40$c20150429$lBLL01$h1354
=FMT  \\$a  SE
=LAS  \\$a10973$b40$c20150429$lBLL01$h1354

