=LDR  00702 as a22002538i 4500
=001  017175974
=003  Uk
=005  20150429162052.0
=007  ta
=008  150429c20159999enkqr\p\\\\\\\0\\\a0eng\\
=022  0\$a2059-111X$202
=040  \\$aUk$beng$cUk$erda
=222  \4$aThe big colouring book
=245  04$aThe big colouring book.
=263  \\$a201505
=264  \1$aLondon :$bEye to Eye Media Ltd
=310  \\$aQuarterly
=336  \\$atext$2rdacontent
=337  \\$aunmediated$2rdamedia
=338  \\$avolume$2rdacarrier
=985  \\$aLDO SERIALS - PLEASE PASS ALL ITEMS RECEIVED TO ISSN UK CENTRE.
=CAT  \\$a10973$b40$c20150429$lBLL01$h1620
=FMT  \\$a  SE
=LAS  \\$a10973$b40$c20150429$lBLL01$h1620

