=LDR  00675 as a22002538i 4500
=001  017175981
=003  Uk
=005  20150429164408.0
=007  ta
=008  150429c20159999enkmr\p\\\\\\\0\\\a0eng\\
=022  0\$a2059-1128$202
=040  \\$aUk$beng$cUk$erda
=222  \0$aColour$b(Qualify)
=245  00$aColour.
=263  \\$a201506
=264  \1$aLondon :$bEye To Eye Media
=310  \\$aMonthly
=336  \\$atext$2rdacontent
=337  \\$aunmediated$2rdamedia
=338  \\$avolume$2rdacarrier
=985  \\$aLDO SERIALS - PLEASE PASS ALL ITEMS RECEIVED TO ISSN UK CENTRE.
=CAT  \\$a10973$b40$c20150429$lBLL01$h1644
=FMT  \\$a  SE
=LAS  \\$a10973$b40$c20150429$lBLL01$h1644

