=LDR  00695 as a22002538i 4500
=001  017359430
=003  Uk
=005  20150514090732.0
=007  ta
=008  150514c20159999enkmr\p\\\\\\\0\\\a0eng\\
=022  0\$a2059-1780$202
=040  \\$aUk$beng$cUk$erda
=222  \0$aFreeway poetry and arts
=245  00$aFreeway poetry and arts
=263  \\$a201506
=264  \1$aBournemouth :$bL. Keeley
=310  \\$aMonthly
=336  \\$atext$2rdacontent
=337  \\$aunmediated$2rdamedia
=338  \\$avolume$2rdacarrier
=985  \\$aLDO SERIALS - PLEASE PASS ALL ITEMS RECEIVED TO ISSN UK CENTRE.
=CAT  \\$a11315$b40$c20150514$lBLL01$h0907
=FMT  \\$a  SE
=LAS  \\$a11315$b40$c20150514$lBLL01$h0907

