=LDR  00685 as a22002538i 4500
=001  017364037
=003  Uk
=005  20150518090028.0
=007  ta
=008  150518c20159999enkbr\p\\\\\\\0\\\a0eng\\
=022  0\$a2059-2132$202
=040  \\$aUk$beng$cUk$erda
=222  \0$aFlaunt$b(UK ed.)
=245  00$aFlaunt.
=263  \\$a201509
=264  \1$aChertsey :$bLogical Connections Ltd
=310  \\$aBimonthly
=336  \\$atext$2rdacontent
=337  \\$aunmediated$2rdamedia
=338  \\$avolume$2rdacarrier
=985  \\$aLDO SERIALS - PLEASE PASS ALL ITEMS RECEIVED TO ISSN UK CENTRE.
=CAT  \\$a11313$b40$c20150518$lBLL01$h0900
=FMT  \\$a  SE
=LAS  \\$a11313$b40$c20150518$lBLL01$h0900

