=LDR  00870 as a22002778i 4500
=001  017364179
=003  Uk
=005  20160329133347.0
=007  ta
=008  150518c20159999enkwr\p\\\\\\\0\\\a0eng\\
=022  0\$a2059-0768$202
=040  \\$aUk$beng$cUk$erda
=222  \0$aClassic car world presents
=245  00$aClassic car world presents.
=263  \\$a201508
=264  \1$aCudham :$bKelsey Publishing
=310  \\$aWeekly
=336  \\$atext$2rdacontent
=337  \\$aunmediated$2rdamedia
=338  \\$avolume$2rdacarrier
=985  \\$aLDO SERIALS - PLEASE PASS ALL ITEMS RECEIVED TO ISSN UK CENTRE.
=985  \\$aISSN UK - Please see file for further info. - this ISSN may need to be cancelled (Richard, 29/03/16)
=CAT  \\$a10973$b40$c20150518$lBLL01$h1346
=CAT  \\$a10806$b40$c20160329$lBLL01$h1333
=FMT  \\$a  SE
=LAS  \\$a10806$b40$c20160329$lBLL01$h1333

