=LDR  00879 as a22002898i 4500
=001  017369002
=003  Uk
=005  20161130114610.0
=007  ta
=008  150522c20159999enkar\p\\\\\\\0\\\a0eng\\
=022  0\$a2059-3139$202
=040  \\$aUk$beng$cUk$erda
=222  \0$aObese Britain$b(Print)
=245  00$aObese Britain.
=263  \\$a201506
=264  \1$aLondon :$bPlatinum Media
=310  \\$aAnnual
=336  \\$atext$2rdacontent
=337  \\$aunmediated$2rdamedia
=338  \\$avolume$2rdacarrier
=985  \\$aISSN UK note. Please add 776 link to completed online record on completion (ISSN 2059-3147)
=985  \\$aLDO SERIALS - PLEASE PASS ALL ITEMS RECEIVED TO ISSN UK CENTRE.
=CAT  \\$a11313$b40$c20150522$lBLL01$h0912
=CAT  \\$a10806$b40$c20161130$lBLL01$h1146
=FMT  \\$a  SE
=LAS  \\$a10806$b40$c20161130$lBLL01$h1146
=LET  \0$aObese Britain (Print)

