=LDR  00706 as a22002538i 4500
=001  017373750
=003  Uk
=005  20150527112021.0
=007  ta
=008  150527c20159999stkqr\p\\\\\\\0\\\a0eng\\
=022  0\$a2059-3228$202
=040  \\$aUk$beng$cUk$erda
=222  \0$aInvestigative journalism
=245  00$aInvestigative journalism.
=263  \\$a201506
=264  \1$aHaddington :$bS. Khan-McIntyre
=310  \\$aQuarterly
=336  \\$atext$2rdacontent
=337  \\$aunmediated$2rdamedia
=338  \\$avolume$2rdacarrier
=985  \\$aLDO SERIALS - PLEASE PASS ALL ITEMS RECEIVED TO ISSN UK CENTRE.
=CAT  \\$a11313$b40$c20150527$lBLL01$h1120
=FMT  \\$a  SE
=LAS  \\$a11313$b40$c20150527$lBLL01$h1120

