=LDR  00900 as a22002898i 4500
=001  017374644
=003  Uk
=005  20160505163020.0
=007  ta
=008  150528c20179999enkqr\p\\\\\\\0\\\a0eng\\
=022  0\$a2059-304X$202
=040  \\$aUk$beng$cUk$erda
=222  \4$aThe gentleman magazine$b(Qualify)
=245  04$aThe gentleman magazine
=263  \\$a201712
=264  \1$aLaunceston :$bS. Oakley
=310  \\$aQuarterly
=336  \\$atext$2rdacontent
=337  \\$aunmediated$2rdamedia
=338  \\$avolume$2rdacarrier
=985  \\$aIf 776 field required add in {dollar}i Also issued online as: [Please delete this 985 field if not required]
=985  \\$aLDO SERIALS - PLEASE PASS ALL ITEMS RECEIVED TO ISSN UK CENTRE.
=CAT  \\$a11315$b40$c20150528$lBLL01$h1429
=CAT  \\$a11130$b40$c20160505$lBLL01$h1630
=FMT  \\$a  SE
=LAS  \\$a11130$b40$c20160505$lBLL01$h1630
=LET  \0$a*** (Print)

