=LDR  00714 as a22002538i 4500
=001  017379602
=003  Uk
=005  20150602080655.0
=007  ta
=008  150602c20159999enkqr\p\\\\\\\0\\\a0eng\\
=022  0\$a2059-3333$202
=040  \\$aUk$beng$cUk$erda
=222  \0$aNational heritage magazine
=245  00$aNational heritage magazine.
=263  \\$a201511
=264  \1$aDelph :$bNational Media Publishing
=310  \\$aQuarterly
=336  \\$atext$2rdacontent
=337  \\$aunmediated$2rdamedia
=338  \\$avolume$2rdacarrier
=985  \\$aLDO SERIALS - PLEASE PASS ALL ITEMS RECEIVED TO ISSN UK CENTRE.
=CAT  \\$a11313$b40$c20150602$lBLL01$h0806
=FMT  \\$a  SE
=LAS  \\$a11313$b40$c20150602$lBLL01$h0806

