=LDR  00942 as a22002778i 4500
=001  017388507
=003  Uk
=005  20150608133139.0
=007  ta
=008  150608c20159999enkfr\p\\\\\\\0\\\a0eng\\
=022  0\$a2059-3740$202
=040  \\$aUk$beng$cUk$erda
=222  \0$aSurrey undergraduate research journal$b(Print)
=245  00$aSurrey undergraduate research journal.
=263  \\$a201506
=264  \1$aGuildford :$bSPLASH, Library and Learning Support Services
=310  \\$aSemiannual
=336  \\$atext$2rdacontent
=337  \\$aunmediated$2rdamedia
=338  \\$avolume$2rdacarrier
=985  \\$aPrint version of ISSN 2058-5551 - please add 776 fields when completing. ISSN UK, 08.06.2015.
=985  \\$aLDO SERIALS - PLEASE PASS ALL ITEMS RECEIVED TO ISSN UK CENTRE.
=CAT  \\$a11313$b40$c20150608$lBLL01$h1331
=FMT  \\$a  SE
=LAS  \\$a11313$b40$c20150608$lBLL01$h1331
=LET  \0$aSurrey undergraduate research journal (Print)

