=LDR  00748 as a22002658i 4500
=001  017394118
=003  Uk
=005  20150612102744.0
=007  ta
=008  150612c20159999enkqr\p\\\\\\\0\\\a0eng\\
=022  0\$a2059-2744$202
=040  \\$aUk$beng$cUk$erda
=222  \0$aWWF magazine$b(Qualify)
=245  00$aWWF magazine.
=246  3\$aWorld Wildlife Fund magazine
=263  \\$a201507
=264  \1$aLondon :$bTitan Publishing Group Limited
=310  \\$aQuarterly
=336  \\$atext$2rdacontent
=337  \\$aunmediated$2rdamedia
=338  \\$avolume$2rdacarrier
=985  \\$aLDO SERIALS - PLEASE PASS ALL ITEMS RECEIVED TO ISSN UK CENTRE.
=CAT  \\$a10973$b40$c20150612$lBLL01$h1027
=FMT  \\$a  SE
=LAS  \\$a10973$b40$c20150612$lBLL01$h1027

