=LDR  00846 as a22002658i 4500
=001  017413080
=003  Uk
=005  20150626103909.0
=007  ta
=008  150626c20159999enkmn\p\\\\\\\0\\\a0eng\\
=022  0\$a2059-4445$202
=040  \\$aUk$beng$cUk$erda
=222  \0$aDental technician update
=245  00$aDental technician update
=263  \\$a201510
=264  \1$aGuildford :$bGeorge Warman Publications UK Ltd
=310  \\$aTen times a year
=336  \\$atext$2rdacontent
=337  \\$aunmediated$2rdamedia
=338  \\$avolume$2rdacarrier
=985  \\$aIf 776 field required add in {dollar}i Also issued online as: [Please delete this 985 field if not required]
=985  \\$aLDO SERIALS - PLEASE PASS ALL ITEMS RECEIVED TO ISSN UK CENTRE.
=CAT  \\$a11315$b40$c20150626$lBLL01$h1039
=FMT  \\$a  SE
=LAS  \\$a11315$b40$c20150626$lBLL01$h1039

