=LDR  00697 as a22002538i 4500
=001  017439589
=003  Uk
=005  20150708142117.0
=007  ta
=008  150708c20159999enkbr\p\\\\\\\0\\\a0eng\\
=022  0\$a2059-5034$202
=040  \\$aUk$beng$cUk$erda
=222  \0$aGreen arrow$b(Qualify)
=245  00$aGreen arrow.
=263  \\$a201510
=264  \1$aLondon :$bTitan Publishing Group Ltd
=310  \\$aBimonthly
=336  \\$atext$2rdacontent
=337  \\$aunmediated$2rdamedia
=338  \\$avolume$2rdacarrier
=985  \\$aLDO SERIALS - PLEASE PASS ALL ITEMS RECEIVED TO ISSN UK CENTRE.
=CAT  \\$a10973$b40$c20150708$lBLL01$h1421
=FMT  \\$a  SE
=LAS  \\$a10973$b40$c20150708$lBLL01$h1421

