=LDR  00715 as a22002538i 4500
=001  017442559
=003  Uk
=005  20150713091502.0
=007  ta
=008  150713c20159999enktr\p\\\\\\\0\\\a0eng\\
=022  0\$a2059-5115$202
=040  \\$aUk$beng$cUk$erda
=222  \0$aNight soul, strength of souls
=245  00$aNight soul, strength of souls.
=263  \\$a201507
=264  \1$aLondon :$bF. Mason (All Knightz)
=310  \\$a201507
=336  \\$atext$2rdacontent
=337  \\$aunmediated$2rdamedia
=338  \\$avolume$2rdacarrier
=985  \\$aLDO SERIALS - PLEASE PASS ALL ITEMS RECEIVED TO ISSN UK CENTRE.
=CAT  \\$a10806$b40$c20150713$lBLL01$h0915
=FMT  \\$a  SE
=LAS  \\$a10806$b40$c20150713$lBLL01$h0915

