=LDR  00667 as a22002538i 4500
=001  017450086
=003  Uk
=005  20150717142644.0
=007  ta
=008  150717c20159999enkmr\p\\\\\\\0\\\a0eng\\
=022  0\$a2059-562X$202
=040  \\$aUk$beng$cUk$erda
=222  \4$aThe order
=245  04$aThe order
=263  \\$a201507
=264  \1$aBuxton Spa :$bJ. Stewart
=310  \\$aMonthly
=336  \\$atext$2rdacontent
=337  \\$aunmediated$2rdamedia
=338  \\$avolume$2rdacarrier
=985  \\$aLDO SERIALS - PLEASE PASS ALL ITEMS RECEIVED TO ISSN UK CENTRE.
=CAT  \\$a11315$b40$c20150717$lBLL01$h1426
=FMT  \\$a  SE
=LAS  \\$a11315$b40$c20150717$lBLL01$h1426

