=LDR  00837 as a22002778i 4500
=001  017461054
=003  Uk
=005  20150730115945.0
=007  ta
=008  150730c20159999enkar\p\\\\\\\0\\\a0eng\\
=022  0\$a2059-710X$202
=040  \\$aUk$beng$cUk$erda
=222  \0$aBest baby and toddler gear$b(Print)
=245  00$aBest baby and toddler gear.
=263  \\$a201510
=264  \1$aBoston :$bNative Media
=310  \\$aAnnual
=336  \\$atext$2rdacontent
=337  \\$aunmediated$2rdamedia
=338  \\$avolume$2rdacarrier
=776  08$iAlso issued online as:$tBest baby and toddler gear$x2059-7118
=985  \\$aLDO SERIALS - PLEASE PASS ALL ITEMS RECEIVED TO ISSN UK CENTRE.
=CAT  \\$a10973$b40$c20150730$lBLL01$h1159
=FMT  \\$a  SE
=LAS  \\$a10973$b40$c20150730$lBLL01$h1159
=LET  \0$aBest baby and toddler gear (Print)

