=LDR  00683 as a22002538i 4500
=001  017468283
=003  Uk
=005  20150804072923.0
=007  ta
=008  150804c20159999enkfr\p\\\\\\\0\\\a0eng\\
=022  0\$a2059-7193$202
=040  \\$aUk$beng$cUk$erda
=222  \4$aThe ride journal
=245  04$aThe ride journal.
=263  \\$a201509
=264  \1$aLondon :$bRide Journal
=310  \\$aSemiannual
=336  \\$atext$2rdacontent
=337  \\$aunmediated$2rdamedia
=338  \\$avolume$2rdacarrier
=985  \\$aLDO SERIALS - PLEASE PASS ALL ITEMS RECEIVED TO ISSN UK CENTRE.
=CAT  \\$a11313$b40$c20150804$lBLL01$h0729
=FMT  \\$a  SE
=LAS  \\$a11313$b40$c20150804$lBLL01$h0729

