=LDR  00679 as a22002538i 4500
=001  017507634
=003  Uk
=005  20150826103332.0
=007  ta
=008  150826c20159999enkfr\p\\\\\\\0\\\a0eng\\
=022  0\$a2396-7412$202
=040  \\$aUk$beng$cUk$erda
=222  \0$aStreets magazine
=245  00$aStreets magazine.
=263  \\$a201509
=264  \1$aLondon :$bD. Blake
=310  \\$aSemiannual
=336  \\$atext$2rdacontent
=337  \\$aunmediated$2rdamedia
=338  \\$avolume$2rdacarrier
=985  \\$aLDO SERIALS - PLEASE PASS ALL ITEMS RECEIVED TO ISSN UK CENTRE.
=CAT  \\$a10973$b40$c20150826$lBLL01$h1033
=FMT  \\$a  SE
=LAS  \\$a10973$b40$c20150826$lBLL01$h1033

