=LDR  00738 as a22002658i 4500
=001  017507671
=003  Uk
=005  20150826132237.0
=007  ta
=008  150826c20159999enktr\p\\\\\\\0\\\a0eng\\
=022  0\$a2059-8637$202
=040  \\$aUk$beng$cUk$erda
=222  \0$aWax'D magazine
=245  00$aWax'D magazine.
=263  \\$a201511
=264  \1$aRotherham :$bB. Stringer
=310  \\$aThree times a year
=336  \\$atext$2rdacontent
=337  \\$aunmediated$2rdamedia
=338  \\$avolume$2rdacarrier
=985  \\$aLDO SERIALS - PLEASE PASS ALL ITEMS RECEIVED TO ISSN UK CENTRE.
=CAT  \\$a10973$b40$c20150826$lBLL01$h1320
=CAT  \\$a10973$b40$c20150826$lBLL01$h1322
=FMT  \\$a  SE
=LAS  \\$a10973$b40$c20150826$lBLL01$h1322

