=LDR  01914cas a22004698i 4500
=001  017550919
=003  Uk
=005  20230210011250.0
=007  ta
=008  150917c20169999enkqr\p\\\\\\\0\\\a0eng\\
=022  0\$a2059-948X$202
=040  \\$aUk$beng$cUk$erda
=222  \0$aHistory revealed collector's editions
=245  00$aHistory revealed collector's editions.
=263  \\$a201607
=264  \1$aBristol :$bImmediate Media Company
=310  \\$aQuarterly
=336  \\$atext$2rdacontent
=337  \\$aunmediated$2rdamedia
=338  \\$avolume$2rdacarrier
=540  \\$aCurrent Copyright Fee: GBP25.00$c0$5Uk
=985  \\$aISSN note: related title 'History revealed', ISSN 2054-6149, Aleph no. 016584235. Please add 787 and LKR fields on completion.
=985  \\$aLDO SERIALS - PLEASE PASS ALL ITEMS RECEIVED TO ISSN UK CENTRE.
=ACF  \\$aPrevious Copyright Fee: GBP17.50$c0$e01-jan-2019$fGBP17.50$g0$hC$5Uk
=ACF  \\$aPrevious Copyright Fee: GBP20.00$c0$e01-jan-2020$fGBP20.00$g0$hC$5Uk
=ACF  \\$aPrevious Copyright Fee: GBP22.50$c0$e01-jan-2021$fGBP22.50$g0$hC$5Uk
=CAT  \\$a11315$b40$c20150917$lBLL01$h1043
=CAT  \\$a11205$b40$c20160526$lBLL01$h1038
=CAT  \\$aBATCH-CLA$b00$c20181130$lBLL01$h1604
=CAT  \\$aIPL-CLA$c20181231$lBLL01$h1555
=CAT  \\$aBATCH-CLA$b00$c20191129$lBLL01$h1624
=CAT  \\$aIPL-CLA$c20191231$lBLL01$h2041
=CAT  \\$aBATCH-CLA$b00$c20201126$lBLL01$h1417
=CAT  \\$aIPL-CLA$c20201231$lBLL01$h2345
=CAT  \\$aBATCH-CLA$b00$c20221130$lBLL01$h1425
=CAT  \\$aIPL-CLA$c20221231$lBLL01$h2335
=CAT  \\$aBATCH-CLA$b00$c20230209$lBLL01$h1512
=CAT  \\$aIPL-CLA$c20230210$lBLL01$h0112
=CFI  0\$aCurrent Copyright Fee: GBP25.00$c0$e09-feb-2023$fGBP25.00$g0$hC$5Uk
=CFI  2\$aBritish Library not licensed to copy$c0$e01-jan-2023$hC$iCFP Excluded$5Uk
=FMT  \\$a  SE
=LAS  \\$aIPL-CLA$b00$c20230210$lBLL01$h0112

