=LDR  00701 as a22002538i 4500
=001  017558315
=003  Uk
=005  20150928154010.0
=007  ta
=008  150928c20159999enkar\p\\\\\\\0\\\a0eng\\
=022  0\$a2059-8106$202
=040  \\$aUk$beng$cUk$erda
=222  \0$aBritish girls magazine
=245  00$aBritish girls magazine.
=263  \\$a201510
=264  \1$aLondon :$bBritish Girls Magazine
=310  \\$aAnnual
=336  \\$atext$2rdacontent
=337  \\$aunmediated$2rdamedia
=338  \\$avolume$2rdacarrier
=985  \\$aLDO SERIALS - PLEASE PASS ALL ITEMS RECEIVED TO ISSN UK CENTRE.
=CAT  \\$a10973$b40$c20150928$lBLL01$h1540
=FMT  \\$a  SE
=LAS  \\$a10973$b40$c20150928$lBLL01$h1540

