=LDR  00750 as a22002538i 4500
=001  017558874
=003  Uk
=005  20150929114338.0
=007  ta
=008  150929c20159999enkqr\p\\\\\\\0\\\a0eng\\
=022  0\$a2396-8591$202
=040  \\$aUk$beng$cUk$erda
=222  \0$aProgressive leadership white paper series
=245  00$aProgressive leadership white paper series.
=263  \\$a201510
=264  \1$aLondon :$bLondon Metropolitan University
=310  \\$aQuarterly
=336  \\$atext$2rdacontent
=337  \\$aunmediated$2rdamedia
=338  \\$avolume$2rdacarrier
=985  \\$aLDO SERIALS - PLEASE PASS ALL ITEMS RECEIVED TO ISSN UK CENTRE.
=CAT  \\$a10973$b40$c20150929$lBLL01$h1143
=FMT  \\$a  SE
=LAS  \\$a10973$b40$c20150929$lBLL01$h1143

