=LDR  00684 as a22002538i 4500
=001  017575952
=003  Uk
=005  20151013134201.0
=007  ta
=008  151013c20159999enkfr\p\\\\\\\0\\\a0eng\\
=022  0\$a2396-8362$202
=040  \\$aUk$beng$cUk$erda
=222  \0$aRed thread journal
=245  00$aRed thread journal.
=263  \\$a201510
=264  \1$aLondon :$bB. Buxton
=310  \\$aSemiannual
=336  \\$atext$2rdacontent
=337  \\$aunmediated$2rdamedia
=338  \\$avolume$2rdacarrier
=985  \\$aLDO SERIALS - PLEASE PASS ALL ITEMS RECEIVED TO ISSN UK CENTRE.
=CAT  \\$a10973$b40$c20151013$lBLL01$h1342
=FMT  \\$a  SE
=LAS  \\$a10973$b40$c20151013$lBLL01$h1342

