=LDR  00692 as a22002538i 4500
=001  017581015
=003  Uk
=005  20151014133236.0
=007  ta
=008  151014c20159999enker\p\\\\\\\0\\\a0eng\\
=022  0\$a2396-8443$202
=040  \\$aUk$beng$cUk$erda
=222  \0$aUK education weekly
=245  00$aUK education weekly.
=263  \\$a201510
=264  \1$aLondon :$bUK Education Weekly
=310  \\$aWeekly
=336  \\$atext$2rdacontent
=337  \\$aunmediated$2rdamedia
=338  \\$avolume$2rdacarrier
=985  \\$aLDO SERIALS - PLEASE PASS ALL ITEMS RECEIVED TO ISSN UK CENTRE.
=CAT  \\$a10973$b40$c20151014$lBLL01$h1332
=FMT  \\$a  SE
=LAS  \\$a10973$b40$c20151014$lBLL01$h1332

