=LDR  00689 as a22002538i 4500
=001  017586954
=003  Uk
=005  20151020144328.0
=007  ta
=008  151020c20169999enkwr\p\\\\\\\0\\\a0eng\\
=022  0\$a2397-0340$202
=040  \\$aUk$beng$cUk$erda
=222  \0$aPhoenix$b(Qualify)
=245  00$aPhoenix.
=263  \\$a201601
=264  \1$aLondon :$bNew Africa Consulting Limited
=310  \\$aWeekly
=336  \\$atext$2rdacontent
=337  \\$aunmediated$2rdamedia
=338  \\$avolume$2rdacarrier
=985  \\$aLDO SERIALS - PLEASE PASS ALL ITEMS RECEIVED TO ISSN UK CENTRE.
=CAT  \\$a11313$b40$c20151020$lBLL01$h1443
=FMT  \\$a  SE
=LAS  \\$a11313$b40$c20151020$lBLL01$h1443

