=LDR  00970 as a22003018i 4500
=001  017593551
=003  Uk
=005  20151029115743.0
=007  ta
=008  151027c20169999enkfr\p\\\\\\\0\\\a0eng\\
=022  0\$a2397-0510$202
=040  \\$aUk$beng$cUk$erda
=222  \0$aAcademy of policy & research review$b(Print)
=245  00$aAcademy of policy & research review.
=263  \\$a201601
=264  \1$aLondon :$bD. Weir
=310  \\$aSemiannual
=336  \\$atext$2rdacontent
=337  \\$aunmediated$2rdamedia
=338  \\$avolume$2rdacarrier
=776  08$iAlso issued online as:$tAcademy of policy & research review$x2397-0529
=985  \\$aLDO SERIALS - PLEASE PASS ALL ITEMS RECEIVED TO ISSN UK CENTRE.
=CAT  \\$a11313$b40$c20151027$lBLL01$h1143
=CAT  \\$a11313$b40$c20151027$lBLL01$h1144
=CAT  \\$a11313$b40$c20151029$lBLL01$h1157
=FMT  \\$a  SE
=LAS  \\$a11313$b40$c20151029$lBLL01$h1157
=LET  \0$aAcademy of policy & research review (Print)

