=LDR  00838 as a22002778i 4500
=001  017596322
=003  Uk
=005  20151030110553.0
=007  ta
=008  151030c20159999enkbr\p\\\\\\\0\\\a0eng\\
=022  0\$a2396-9857$202
=040  \\$aUk$beng$cUk$erda
=222  \0$aChristian dating magazine$b(Print)
=245  00$aChristian dating magazine.
=263  \\$a201511
=264  \1$aBasildon :$bSonny Samuel
=310  \\$aBimonthly
=336  \\$atext$2rdacontent
=337  \\$aunmediated$2rdamedia
=338  \\$avolume$2rdacarrier
=776  08$iAlso issued online as:$tChristian dating magazine$x2396-9865
=985  \\$aLDO SERIALS - PLEASE PASS ALL ITEMS RECEIVED TO ISSN UK CENTRE.
=CAT  \\$a10973$b40$c20151030$lBLL01$h1105
=FMT  \\$a  SE
=LAS  \\$a10973$b40$c20151030$lBLL01$h1105
=LET  \0$aChristian dating magazine (Print)

