=LDR  00678 as a22002538i 4500
=001  017606599
=003  Uk
=005  20151105103312.0
=007  ta
=008  151105c20159999enkfr\p\\\\\\\0\\\a0eng\\
=022  0\$a2397-0987$202
=040  \\$aUk$beng$cUk$erda
=222  \0$aRuins magazine
=245  00$aRuins magazine
=263  \\$a201511
=264  \1$aLondon :$bC. Petritzis
=310  \\$aSemiannual
=336  \\$atext$2rdacontent
=337  \\$aunmediated$2rdamedia
=338  \\$avolume$2rdacarrier
=985  \\$aLDO SERIALS - PLEASE PASS ALL ITEMS RECEIVED TO ISSN UK CENTRE.
=CAT  \\$a11315$b40$c20151105$lBLL01$h1033
=FMT  \\$a  SE
=LAS  \\$a11315$b40$c20151105$lBLL01$h1033

