=LDR  00904 as a22002898i 4500
=001  017627209
=003  Uk
=005  20170801133809.0
=007  ta
=008  151125c20199999enktr\m\\\\\\\0\\\a0eng\\
=022  0\$a2397-2181$202
=040  \\$aUk$beng$cUk$erda
=222  \0$aMolecular engineering$b(Qualify. Print)
=245  00$aMolecular engineering.
=263  \\$a201908
=264  \1$aCambridge :$bRoyal Society of Chemistry
=310  \\$aThree times a year
=336  \\$atext$2rdacontent
=337  \\$aunmediated$2rdamedia
=338  \\$avolume$2rdacarrier
=776  08$iAlso issued online as:$tMolecular engineering$x2397-219X
=985  \\$aLDO SERIALS - PLEASE PASS ALL ITEMS RECEIVED TO ISSN UK CENTRE.
=CAT  \\$a10806$b40$c20151125$lBLL01$h1028
=CAT  \\$a11130$b40$c20170801$lBLL01$h1338
=FMT  \\$a  SE
=LAS  \\$a11130$b40$c20170801$lBLL01$h1338
=LET  \0$aMolecular engineering (Print)

