=LDR  00921 as a22003018i 4500
=001  017643128
=003  Uk
=005  20200630153631.0
=007  ta
=008  151202c20169999enkmr\p\\\\\\\0\\\a0eng\\
=022  0\$a2397-1355$202
=040  \\$aUk$beng$cUk$erda
=222  \0$aIBB builder$b(Print)
=245  00$aIBB builder.
=263  \\$a201601
=264  \1$aLondon :$bIBB Polish Building Wholesale
=310  \\$aMonthly
=336  \\$atext$2rdacontent
=337  \\$aunmediated$2rdamedia
=338  \\$avolume$2rdacarrier
=985  \\$aLDO SERIALS - PLEASE PASS ALL ITEMS RECEIVED TO ISSN UK CENTRE.
=985  \\$aPlease add 776 to the online record (at 017643129) when print is completed.
=CAT  \\$a10973$b40$c20151202$lBLL01$h1332
=CAT  \\$a8483$b40$c20200630$lBLL01$h1517
=CAT  \\$a10973$b40$c20200630$lBLL01$h1536
=FMT  \\$a  SE
=LAS  \\$a10973$b40$c20200630$lBLL01$h1536
=LET  \0$aIBB builder (Print)

