=LDR  00867 as a22002778i 4500
=001  017658609
=003  Uk
=005  20151210110949.0
=007  ta
=008  151210c20169999enkmr\p\\\\\\\0\\\a0eng\\
=022  0\$a2397-3013$202
=040  \\$aUk$beng$cUk$erda
=222  \0$aSoul central magazine$b(Print)
=245  00$aSoul central magazine.
=263  \\$a201603
=264  \1$aLondon :$bSoul Central Media Group
=310  \\$aMonthly
=336  \\$atext$2rdacontent
=337  \\$aunmediated$2rdamedia
=338  \\$avolume$2rdacarrier
=985  \\$aPrint version of ISSN 2397-3021 - please add 776 fields when completing. ISSN UK, 10.12.2015.
=985  \\$aLDO SERIALS - PLEASE PASS ALL ITEMS RECEIVED TO ISSN UK CENTRE.
=CAT  \\$a11313$b40$c20151210$lBLL01$h1109
=FMT  \\$a  SE
=LAS  \\$a11313$b40$c20151210$lBLL01$h1109
=LET  \0$aSoul central magazine (Print)

