=LDR  00853 as a22002778i 4500
=001  017658697
=003  Uk
=005  20151210125608.0
=007  ta
=008  151210c20159999enkfr\p\\\\\\\0\\\a0eng\\
=022  0\$a2397-303X$202
=040  \\$aUk$beng$cUk$erda
=222  \0$aEmirates oncology journal$b(Print)
=245  00$aEmirates oncology journal.
=263  \\$a201511
=264  \1$aLondon :$bPremier Publishing Group Ltd
=310  \\$aSemiannual
=336  \\$atext$2rdacontent
=337  \\$aunmediated$2rdamedia
=338  \\$avolume$2rdacarrier
=776  08$iAlso issued online as:$tEmirates oncology journal$x2397-3048
=985  \\$aLDO SERIALS - PLEASE PASS ALL ITEMS RECEIVED TO ISSN UK CENTRE.
=CAT  \\$a11313$b40$c20151210$lBLL01$h1256
=FMT  \\$a  SE
=LAS  \\$a11313$b40$c20151210$lBLL01$h1256
=LET  \0$aEmirates oncology journal (Print)

