=LDR  01137 as a22003138i 4500
=001  017665130
=003  Uk
=005  20210308102742.0
=007  ta
=008  151215c20189999enktr\m\\\\\\\0\\\a0eng\\
=022  0\$a2397-1401$202
=040  \\$aUk$beng$cUk$erda
=222  \0$aBiomaterials science series$b(Print)
=245  00$aBiomaterials science series.
=263  \\$a201808
=264  \1$aCambridge :$bRoyal Society of Chemistry
=310  \\$aThree times a year
=336  \\$atext$2rdacontent
=337  \\$aunmediated$2rdamedia
=338  \\$avolume$2rdacarrier
=985  \\$aISSN UK Centre: see also online version ISSN 2397-141X ; please add 776 to both records on completion. Print copy in stock to be retrieved for completion when Covid restrictions allow.
=985  \\$aLDO SERIALS - PLEASE PASS ALL ITEMS RECEIVED TO ISSN UK CENTRE.
=CAT  \\$a7152$b40$c20151215$lBLL01$h1438
=CAT  \\$a7152$b40$c20151216$lBLL01$h0954
=CAT  \\$a11130$b40$c20170801$lBLL01$h1340
=CAT  \\$a10973$b40$c20210308$lBLL01$h1027
=FMT  \\$a  SE
=LAS  \\$a10973$b40$c20210308$lBLL01$h1027
=LET  \0$aBiomaterials science series (Print)

