=LDR  00911 as a22002778i 4500
=001  017701978
=003  Uk
=005  20160111081607.0
=007  ta
=008  160111c20169999stkfr\p\\\\\\\0\\\a0eng\\
=022  0\$a2397-4095$202
=040  \\$aUk$beng$cUk$erda
=222  \4$aThe British journal of white collar crime$b(Print)
=245  04$aThe British journal of white collar crime.
=263  \\$a201601
=264  \1$aEdinburgh :$bBlacket Avenue Press LP
=310  \\$aSemiannual
=336  \\$atext$2rdacontent
=337  \\$aunmediated$2rdamedia
=338  \\$avolume$2rdacarrier
=776  08$iAlso issued online as:$tBritish journal of white collar crime$x2397-4109
=985  \\$aLDO SERIALS - PLEASE PASS ALL ITEMS RECEIVED TO ISSN UK CENTRE.
=CAT  \\$a11313$b40$c20160111$lBLL01$h0816
=FMT  \\$a  SE
=LAS  \\$a11313$b40$c20160111$lBLL01$h0816
=LET  \4$aThe British journal of white collar crime (Print)

