=LDR  00955 as a22002778i 4500
=001  017706010
=003  Uk
=005  20160113141052.0
=007  ta
=008  160113c20169999stkbr\m\\\\\\\0\\\a0eng\\
=022  0\$a2397-6039$202
=040  \\$aUk$beng$cUk$erda
=222  \0$aPolicy report$b(Third Generation Project. Print)
=245  00$aPolicy report /$cThe Third Generation Project.
=263  \\$a201602
=264  \1$aSt Andrews :$bUniversity of St Andrews, School of International Relations
=310  \\$aBimonthly
=336  \\$atext$2rdacontent
=337  \\$aunmediated$2rdamedia
=338  \\$avolume$2rdacarrier
=776  08$iAlso issued online as:$tPolicy report$c(Third Generation Project)$x2397-6047
=985  \\$aLDO SERIALS - PLEASE PASS ALL ITEMS RECEIVED TO ISSN UK CENTRE.
=CAT  \\$a10973$b40$c20160113$lBLL01$h1410
=FMT  \\$a  SE
=LAS  \\$a10973$b40$c20160113$lBLL01$h1410
=LET  \0$aPolicy report. The Third Generation Project (Print)

