=LDR  00950 as a22002898i 4500
=001  017719163
=003  Uk
=005  20190603104538.0
=007  ta
=008  160128c20169999enkgr\p\\\\\\\0\\\a0eng\\
=022  0\$a2397-5717$202
=040  \\$aUk$beng$cUk$erda
=222  \0$aSudan sea ports handbook$b(Print)
=245  00$aSudan sea ports handbook
=263  \\$a201603
=264  \1$aColchester :$bLand & Marine Publications Ltd
=310  \\$aBiennial
=336  \\$atext$2rdacontent
=337  \\$aunmediated$2rdamedia
=338  \\$avolume$2rdacarrier
=985  \\$aISSN UK Centre note: see also online version (ISSN 2397-5725), please add 776 to both records on completion.
=985  \\$aLDO SERIALS - PLEASE PASS ALL ITEMS RECEIVED TO ISSN UK CENTRE.
=CAT  \\$a11315$b40$c20160128$lBLL01$h0831
=CAT  \\$a10973$b40$c20190603$lBLL01$h1045
=FMT  \\$a  SE
=LAS  \\$a10973$b40$c20190603$lBLL01$h1045
=LET  \0$aSudan sea ports handbook (Print)

