=LDR  00667 as a22002538i 4500
=001  017719312
=003  Uk
=005  20160128131833.0
=007  ta
=008  160128c20169999enkwr\p\\\\\\\0\\\a0eng\\
=022  0\$a2397-6535$202
=040  \\$aUk$beng$cUk$erda
=222  \0$aWD sport
=245  00$aWD sport
=263  \\$a201603
=264  \1$aKings Langley :$bK. Affleck
=310  \\$aWeekly
=336  \\$atext$2rdacontent
=337  \\$aunmediated$2rdamedia
=338  \\$avolume$2rdacarrier
=985  \\$aLDO SERIALS - PLEASE PASS ALL ITEMS RECEIVED TO ISSN UK CENTRE.
=CAT  \\$a11315$b40$c20160128$lBLL01$h1318
=FMT  \\$a  SE
=LAS  \\$a11315$b40$c20160128$lBLL01$h1318

