=LDR  01666cas a22004218i 4500
=001  017736998
=003  Uk
=005  20230605101124.0
=007  ta
=008  160209c20179999enkfr\p\\\\\\\0\\\a0eng\\
=022  0\$a2397-7825$202
=040  \\$aUk$beng$cUk$erda
=222  \0$aJournal of global faultlines$b(Print)
=245  00$aJournal of global faultlines.
=263  \\$a201701
=264  \1$aKeele :$bSPIRE, Keele University
=310  \\$aSemiannual
=336  \\$atext$2rdacontent
=337  \\$aunmediated$2rdamedia
=338  \\$avolume$2rdacarrier
=540  \\$aCurrent Copyright Fee: GBP15.00$c0$5Uk
=985  \\$aISSN UK Centre note: Print version of ISSN 2054-2089 - please add 776 fields when completing. ISSN UK, 09.02.2016.
=985  \\$aLDO SERIALS - PLEASE PASS ALL ITEMS RECEIVED TO ISSN UK CENTRE.
=985  \\$aPrint copy being sent - see email sent to Pluto (05/06/23) (Richard (Leeds))
=ACF  \\$aPrevious Copyright Fee: GBP15.00$c0$e01-apr-2017$fGBP15.00$g0$hC$5Uk
=CAT  \\$a11313$b40$c20160209$lBLL01$h0826
=CAT  \\$aBATCH-CLA$b00$c20170228$lBLL01$h1627
=CAT  \\$aIPL-CLA$c20170331$lBLL01$h1924
=CAT  \\$aBATCH-CLA$b00$c20221130$lBLL01$h1437
=CAT  \\$aIPL-CLA$c20221231$lBLL01$h2336
=CAT  \\$aBATCH-CLA$b00$c20230209$lBLL01$h1524
=CAT  \\$aIPL-CLA$c20230210$lBLL01$h0113
=CAT  \\$a10806$b40$c20230605$lBLL01$h1011
=CFI  0\$aCurrent Copyright Fee: GBP15.00$c0$e09-feb-2023$fGBP15.00$g0$hC$5Uk
=CFI  2\$aBritish Library not licensed to copy$c0$e01-jan-2023$hC$iCFP Excluded$5Uk
=FMT  \\$a  SE
=LAS  \\$a10806$b40$c20230605$lBLL01$h1011
=LET  \0$aJournal of global faultlines (Print)

