=LDR  00689 as a22002538i 4500
=001  017737022
=003  Uk
=005  20160209102732.0
=007  ta
=008  160209c20169999nikqr\p\\\\\\\0\\\a0eng\\
=022  0\$a2397-7841$202
=040  \\$aUk$beng$cUk$erda
=222  \0$aMy MCC magazine
=245  00$aMy MCC magazine.
=263  \\$a201602
=264  \1$aBelfast :$bJudge Promotions Ltd
=310  \\$aQuarterly
=336  \\$atext$2rdacontent
=337  \\$aunmediated$2rdamedia
=338  \\$avolume$2rdacarrier
=985  \\$aLDO SERIALS - PLEASE PASS ALL ITEMS RECEIVED TO ISSN UK CENTRE.
=CAT  \\$a11313$b40$c20160209$lBLL01$h1027
=FMT  \\$a  SE
=LAS  \\$a11313$b40$c20160209$lBLL01$h1027

