=LDR  00714 as a22002658i 4500
=001  017740132
=003  Uk
=005  20160210144827.0
=007  ta
=008  160210c20169999enker\n\\\\\\\0\\\a0eng\\
=022  0\$a2397-6772$202
=040  \\$aUk$beng$cUk$erda
=222  \0$aFormby bubble
=245  00$aFormby bubble.
=263  \\$a201603
=264  \1$aFormby :$bFormby Bubble
=310  \\$aSemiweekly
=336  \\$atext$2rdacontent
=337  \\$aunmediated$2rdamedia
=338  \\$avolume$2rdacarrier
=985  \\$aLDO SERIALS - PLEASE PASS ALL ITEMS RECEIVED TO ISSN UK CENTRE.
=CAT  \\$a7152$b40$c20160210$lBLL01$h1448
=FMT  \\$a  SE
=LAS  \\$a7152$b40$c20160210$lBLL01$h1448
=LET  \0$aFormby bubble (Print)

