=LDR  00691 as a22002538i 4500
=001  017740344
=003  Uk
=005  20160211083105.0
=007  ta
=008  160211c20169999nikqr\p\\\\\\\0\\\a0eng\\
=022  0\$a2397-7957$202
=040  \\$aUk$beng$cUk$erda
=222  \0$aFarming journal
=245  00$aFarming journal.
=263  \\$a201603
=264  \1$aEnniskillen :$bImpartial Reporter
=310  \\$aQuarterly
=336  \\$atext$2rdacontent
=337  \\$aunmediated$2rdamedia
=338  \\$avolume$2rdacarrier
=985  \\$aLDO SERIALS - PLEASE PASS ALL ITEMS RECEIVED TO ISSN UK CENTRE.
=CAT  \\$a11313$b40$c20160211$lBLL01$h0831
=FMT  \\$a  SE
=LAS  \\$a11313$b40$c20160211$lBLL01$h0831

