=LDR  01112 as a22003138i 4500
=001  017743425
=003  Uk
=005  20210413130813.0
=007  ta
=008  160215c20169999enkmr\m\\\\\\\0\\\a0eng\\
=022  0\$a2397-8333$202
=040  \\$aUk$beng$cUk$erda
=222  \0$aCUSP working paper$b(Print)
=245  00$aCUSP working paper.
=246  3\$aCentre for the Understanding of Sustainable Prosperity working paper
=263  \\$a201604
=264  \1$aGuildford, Surrey :$bCentre for the Understanding of Sustainable Prosperity, University of Surrey
=310  \\$aMonthly
=336  \\$atext$2rdacontent
=337  \\$aunmediated$2rdamedia
=338  \\$avolume$2rdacarrier
=985  \\$aLDO SERIALS - PLEASE PASS ALL ITEMS RECEIVED TO ISSN UK CENTRE.
=985  \\$aISSN UK Centre: see also online version ISSN 2397-8341, please add 776 to both records on completion.
=CAT  \\$a10806$b40$c20160215$lBLL01$h1402
=CAT  \\$a10806$b40$c20160215$lBLL01$h1405
=CAT  \\$a10973$b40$c20210413$lBLL01$h1308
=FMT  \\$a  SE
=LAS  \\$a10973$b40$c20210413$lBLL01$h1308
=LET  \0$aCUSP working paper (Print)

