=LDR  00793 as a22002778i 4500
=001  017746678
=003  Uk
=005  20160219084041.0
=007  ta
=008  160219c20169999enkqr\p\\\\\\\0\\\a0eng\\
=022  0\$a2397-8163$202
=040  \\$aUk$beng$cUk$erda
=222  \0$aZuri magazine$b(Print)
=245  00$aZuri magazine.
=263  \\$a201604
=264  \1$aLondon :$bZuri Magazine Ltd
=310  \\$aQuarterly
=336  \\$atext$2rdacontent
=337  \\$aunmediated$2rdamedia
=338  \\$avolume$2rdacarrier
=776  08$iAlso issued online as:$tZuri magazine$x2397-8171
=985  \\$aLDO SERIALS - PLEASE PASS ALL ITEMS RECEIVED TO ISSN UK CENTRE.
=CAT  \\$a11313$b40$c20160219$lBLL01$h0840
=FMT  \\$a  SE
=LAS  \\$a11313$b40$c20160219$lBLL01$h0840
=LET  \0$aZuri magazine (Print)

