=LDR  00852 as a22002898i 4500
=001  017758445
=003  Uk
=005  20180201161530.0
=007  ta
=008  160303c20189999enkfr\p\\\\\\\0\\\a0eng\\
=022  0\$a2397-916X$202
=040  \\$aUk$beng$cUk$erda
=222  \0$aFeeluna magazine$b(Print)
=245  00$aFeeluna magazine.
=263  \\$a201807
=264  \1$aLuton :$bNicholas Creevy
=310  \\$aSemiannual
=336  \\$atext$2rdacontent
=337  \\$aunmediated$2rdamedia
=338  \\$avolume$2rdacarrier
=776  08$iAlso issued online as:$tFeeluna magazine$x2516-3329
=985  \\$aLDO SERIALS - PLEASE PASS ALL ITEMS RECEIVED TO ISSN UK CENTRE.
=CAT  \\$a11315$b40$c20160303$lBLL01$h1523
=CAT  \\$a11205$b40$c20180201$lBLL01$h1615
=FMT  \\$a  SE
=LAS  \\$a11205$b40$c20180201$lBLL01$h1615
=LET  \0$aFeeluna magazine (Print)

