=LDR  01038 as a22003018i 4500
=001  017770838
=003  Uk
=005  20181205153616.0
=007  ta
=008  160311c20179999enkgr\p\\\\\\\0\\\a0eng\\
=022  0\$a2397-9275$202
=040  \\$aUk$beng$cUk$erda
=222  \0$aPMAESA ports handbook$b(Print)
=245  00$aPMAESA ports handbook.
=246  3\$aPort Management Association of Eastern and Southern Africa ports handbook
=263  \\$a201604
=264  \1$aColchester :$bLand & Marine Publications Ltd
=310  \\$aBiennial
=336  \\$atext$2rdacontent
=337  \\$aunmediated$2rdamedia
=338  \\$avolume$2rdacarrier
=985  \\$aISSN UK Centre note: Online version ISSN 2397-9283 completed 5/12/18. Please add reciprocal 776 fields on receipt.
=985  \\$aLDO SERIALS - PLEASE PASS ALL ITEMS RECEIVED TO ISSN UK CENTRE.
=CAT  \\$a11315$b40$c20160311$lBLL01$h1051
=CAT  \\$a11205$b40$c20181205$lBLL01$h1536
=FMT  \\$a  SE
=LAS  \\$a11205$b40$c20181205$lBLL01$h1536
=LET  \0$aPMAESA ports handbook (Print)

