=LDR  00704 as a22002538i 4500
=001  017771876
=003  Uk
=005  20160314143339.0
=007  ta
=008  160314c20169999nikfr\p\\\\\\\0\\\a0eng\\
=022  0\$a2397-9674$202
=040  \\$aUk$beng$cUk$erda
=222  \0$aBeautiful Irish interiors
=245  00$aBeautiful Irish interiors.
=263  \\$a201604
=264  \1$aBelfast :$bInfinity Media
=310  \\$aSemiannual
=336  \\$atext$2rdacontent
=337  \\$aunmediated$2rdamedia
=338  \\$avolume$2rdacarrier
=985  \\$aLDO SERIALS - PLEASE PASS ALL ITEMS RECEIVED TO ISSN UK CENTRE.
=CAT  \\$a11313$b40$c20160314$lBLL01$h1433
=FMT  \\$a  SE
=LAS  \\$a11313$b40$c20160314$lBLL01$h1433

