=LDR  00711 as a22002538i 4500
=001  017774579
=003  Uk
=005  20160317100805.0
=007  ta
=008  160317c20169999enkar\p\\\\\\\0\\\a0eng\\
=022  0\$a2398-0273$202
=040  \\$aUk$beng$cUk$erda
=222  \0$aMagiki mermaids fun activity book
=245  00$aMagiki mermaids fun activity book
=263  \\$a201604
=264  \1$aLondon :$bDe Agostini
=310  \\$aAnnual
=336  \\$atext$2rdacontent
=337  \\$aunmediated$2rdamedia
=338  \\$avolume$2rdacarrier
=985  \\$aLDO SERIALS - PLEASE PASS ALL ITEMS RECEIVED TO ISSN UK CENTRE.
=CAT  \\$a11315$b40$c20160317$lBLL01$h1008
=FMT  \\$a  SE
=LAS  \\$a11315$b40$c20160317$lBLL01$h1008

