=LDR  00790 as a22002778i 4500
=001  017775497
=003  Uk
=005  20160318113135.0
=007  ta
=008  160318c20169999enkmr\p\\\\\\\0\\\a0eng\\
=022  0\$a2398-0257$202
=040  \\$aUk$beng$cUk$erda
=222  \0$aAwe magazine$b(Print)
=245  00$aAwe magazine.
=263  \\$a201603
=264  \1$aManchester :$bUnicrown Limited
=310  \\$aMonthly
=336  \\$atext$2rdacontent
=337  \\$aunmediated$2rdamedia
=338  \\$avolume$2rdacarrier
=776  08$iAlso issued online as:$tAwe magazine$x2398-0265
=985  \\$aLDO SERIALS - PLEASE PASS ALL ITEMS RECEIVED TO ISSN UK CENTRE.
=CAT  \\$a10806$b40$c20160318$lBLL01$h1131
=FMT  \\$a  SE
=LAS  \\$a10806$b40$c20160318$lBLL01$h1131
=LET  \0$aAwe magazine (Print)

