=LDR  00815 as a22002778i 4500
=001  017776182
=003  Uk
=005  20160321104746.0
=007  ta
=008  160321c20169999enkqr\p\\\\\\\0\\\a0eng\\
=022  0\$a2397-9860$202
=040  \\$aUk$beng$cUk$erda
=222  \0$aInfluencer magazine$b(Print)
=245  00$aInfluencer magazine.
=263  \\$a201604
=264  \1$aAlfreton :$bJ.P. Bradford
=310  \\$aQuarterly
=336  \\$atext$2rdacontent
=337  \\$aunmediated$2rdamedia
=338  \\$avolume$2rdacarrier
=776  08$iAlso issued online as:$tInfluencer magazine$x2397-9879
=985  \\$aLDO SERIALS - PLEASE PASS ALL ITEMS RECEIVED TO ISSN UK CENTRE.
=CAT  \\$a11313$b40$c20160321$lBLL01$h1047
=FMT  \\$a  SE
=LAS  \\$a11313$b40$c20160321$lBLL01$h1047
=LET  \0$aInfluencer magazine (Print)

