=LDR  00845 as a22002898i 4500
=001  017782871
=003  Uk
=005  20171122133108.0
=007  ta
=008  160329c20169999enkqr\p\\\\\\\0\\\a0eng\\
=022  0\$a2398-0095$202
=040  \\$aUk$beng$cUk$erda
=222  \0$aSEEN$b(Print)
=245  00$aSEEN.
=263  \\$a201604
=264  \1$aLondon :$bSEEN Ltd
=310  \\$aQuarterly
=336  \\$atext$2rdacontent
=337  \\$aunmediated$2rdamedia
=338  \\$avolume$2rdacarrier
=985  \\$aLDO SERIALS - PLEASE PASS ALL ITEMS RECEIVED TO ISSN UK CENTRE.
=985  \\$aSee also online version (ISSN 2398-0109), please add 776 to both records on completion.
=CAT  \\$a11313$b40$c20160329$lBLL01$h1521
=CAT  \\$a10973$b40$c20171122$lBLL01$h1331
=FMT  \\$a  SE
=LAS  \\$a10973$b40$c20171122$lBLL01$h1331
=LET  \0$aSEEN (Print)

