=LDR  00730 as a22002658i 4500
=001  017783995
=003  Uk
=005  20160411162023.0
=007  ta
=008  160331c20169999enkwr\p\\\\\\\0\\\a0eng\\
=022  0\$a2398-0494$202
=040  \\$aUk$beng$cUk$erda
=222  \0$aMini$b(Qualify. 2016)
=245  00$aMini
=263  \\$a201609
=264  \1$aLondon :$bHachette Partworks Ltd
=310  \\$aWeekly
=336  \\$atext$2rdacontent
=337  \\$aunmediated$2rdamedia
=338  \\$avolume$2rdacarrier
=985  \\$aLDO SERIALS - PLEASE PASS ALL ITEMS RECEIVED TO ISSN UK CENTRE.
=CAT  \\$a11315$b40$c20160331$lBLL01$h0951
=CAT  \\$a10973$b40$c20160411$lBLL01$h1620
=FMT  \\$a  SE
=LAS  \\$a10973$b40$c20160411$lBLL01$h1620

