=LDR  00864 as a22002898i 4500
=001  017785593
=003  Uk
=005  20171010114453.0
=007  ta
=008  160401c20169999enkmr\p\\\\\\\0\\\a0eng\\
=022  0\$a2398-1695$202
=040  \\$aUk$beng$cUk$erda
=222  \0$aLast orders
=245  00$aLast orders
=263  \\$a201609
=264  \1$aNorwich :$bUrban Media
=310  \\$aMonthly
=336  \\$atext$2rdacontent
=337  \\$aunmediated$2rdamedia
=338  \\$avolume$2rdacarrier
=985  \\$aIf 776 field required add in {dollar}i Also issued online as: [Please delete this 985 field if not required]
=985  \\$aLDO SERIALS - PLEASE PASS ALL ITEMS RECEIVED TO ISSN UK CENTRE.
=CAT  \\$a11315$b40$c20160401$lBLL01$h1519
=CAT  \\$a11130$b40$c20171010$lBLL01$h1144
=FMT  \\$a  SE
=LAS  \\$a11130$b40$c20171010$lBLL01$h1144
=LET  \0$aLast orders

