=LDR  01536cas a22004098i 4500
=001  017788597
=003  Uk
=005  20230210011312.0
=007  ta
=008  160404c20189999enkfr\p\\\\\\\0\\\a0eng\\
=022  0\$a2398-1326$202
=040  \\$aUk$beng$cUk$erda
=222  \0$aInstitute of Employment Rights journal$b(Print)
=245  00$aInstitute of Employment Rights journal.
=263  \\$a201801
=264  \1$aLondon :$bPluto Journals
=310  \\$aSemiannual
=336  \\$atext$2rdacontent
=337  \\$aunmediated$2rdamedia
=338  \\$avolume$2rdacarrier
=540  \\$aCurrent Copyright Fee: GBP15.00$c0$5Uk
=985  \\$aLDO SERIALS - PLEASE PASS ALL ITEMS RECEIVED TO ISSN UK CENTRE.
=985  \\$aPlease link to ISSN 2398-1334 (Online) on completion.
=ACF  \\$aPrevious Copyright Fee: GBP15.00$c0$e01-jul-2019$fGBP15.00$g0$hC$5Uk
=CAT  \\$a11313$b40$c20160404$lBLL01$h1026
=CAT  \\$a10806$b40$c20190218$lBLL01$h1015
=CAT  \\$aBATCH-CLA$b00$c20190531$lBLL01$h1623
=CAT  \\$aIPL-CLA$c20190630$lBLL01$h1549
=CAT  \\$aBATCH-CLA$b00$c20221130$lBLL01$h1422
=CAT  \\$aIPL-CLA$c20221231$lBLL01$h2337
=CAT  \\$aBATCH-CLA$b00$c20230209$lBLL01$h1510
=CAT  \\$aIPL-CLA$c20230210$lBLL01$h0113
=CFI  0\$aCurrent Copyright Fee: GBP15.00$c0$e09-feb-2023$fGBP15.00$g0$hC$5Uk
=CFI  2\$aBritish Library not licensed to copy$c0$e01-jan-2023$hC$iCFP Excluded$5Uk
=FMT  \\$a  SE
=LAS  \\$aIPL-CLA$b00$c20230210$lBLL01$h0113
=LET  \0$aInstitute of Employment Rights journal (Print)

