=LDR  00880 as a22002898i 4500
=001  017801807
=003  Uk
=005  20170706141241.0
=007  ta
=008  160411c20169999enkgr\p\\\\\\\0\\\a0eng\\
=022  0\$a2398-2500$202
=040  \\$aUk$beng$cUk$erda
=222  \0$aThis is Zimbabwe$b(Print)
=245  00$aThis is Zimbabwe.
=263  \\$a201604
=264  \1$aColchester :$bLand & Marine Publications Ltd
=310  \\$aBiennial
=336  \\$atext$2rdacontent
=337  \\$aunmediated$2rdamedia
=338  \\$avolume$2rdacarrier
=985  \\$aLDO SERIALS - PLEASE PASS ALL ITEMS RECEIVED TO ISSN UK CENTRE.
=985  \\$aPlease link to online version, ISSN 2398-2519, on completion.
=CAT  \\$a10973$b40$c20160411$lBLL01$h1402
=CAT  \\$a10806$b40$c20170706$lBLL01$h1412
=FMT  \\$a  SE
=LAS  \\$a10806$b40$c20170706$lBLL01$h1412
=LET  \0$aThis is Zimbabwe (Print)

