=LDR  00823 as a22002778i 4500
=001  017801840
=003  Uk
=005  20160722072611.0
=007  ta
=008  160411c20169999enkfr\p\\\\\\\0\\\a0eng\\
=022  0\$a2398-2241$202
=040  \\$aUk$beng$cUk$erda
=222  \0$aAfrokanist magazine
=245  00$aAfrokanist magazine.
=263  \\$a201604
=264  \1$aLondon :$bA. Bankole
=310  \\$aSemiannual
=336  \\$atext$2rdacontent
=337  \\$aunmediated$2rdamedia
=338  \\$avolume$2rdacarrier
=985  \\$aPublisher to send copy at the end of August 2016. ISSN UK, 22.07.2016.
=985  \\$aLDO SERIALS - PLEASE PASS ALL ITEMS RECEIVED TO ISSN UK CENTRE.
=CAT  \\$a11313$b40$c20160411$lBLL01$h1455
=CAT  \\$a11313$b40$c20160722$lBLL01$h0726
=FMT  \\$a  SE
=LAS  \\$a11313$b40$c20160722$lBLL01$h0726

