=LDR  00698 as a22002538i 4500
=001  017806490
=003  Uk
=005  20160415100945.0
=007  ta
=008  160415c20169999enkqr\p\\\\\\\0\\\a0eng\\
=022  0\$a2398-2357$202
=040  \\$aUk$beng$cUk$erda
=222  \0$aQueen poster series
=245  00$aQueen poster series.
=263  \\$a201604
=264  \1$aLondon :$bMillcrest Distribution
=310  \\$aQuarterly
=336  \\$atext$2rdacontent
=337  \\$aunmediated$2rdamedia
=338  \\$avolume$2rdacarrier
=985  \\$aLDO SERIALS - PLEASE PASS ALL ITEMS RECEIVED TO ISSN UK CENTRE.
=CAT  \\$a11313$b40$c20160415$lBLL01$h1009
=FMT  \\$a  SE
=LAS  \\$a11313$b40$c20160415$lBLL01$h1009

