=LDR  00704 as a22002538i 4500
=001  017808030
=003  Uk
=005  20160419084132.0
=007  ta
=008  160419c20169999enkqr\p\\\\\\\0\\\a0eng\\
=022  0\$a2398-239X$202
=040  \\$aUk$beng$cUk$erda
=222  \0$aFavourite films series
=245  00$aFavourite films series.
=263  \\$a201604
=264  \1$aLondon :$bMillcrest Distribution
=310  \\$aQuarterly
=336  \\$atext$2rdacontent
=337  \\$aunmediated$2rdamedia
=338  \\$avolume$2rdacarrier
=985  \\$aLDO SERIALS - PLEASE PASS ALL ITEMS RECEIVED TO ISSN UK CENTRE.
=CAT  \\$a11313$b40$c20160419$lBLL01$h0841
=FMT  \\$a  SE
=LAS  \\$a11313$b40$c20160419$lBLL01$h0841

