=LDR  00699 as a22002538i 4500
=001  017819307
=003  Uk
=005  20160429161135.0
=007  ta
=008  160429c20169999enkbr\p\\\\\\\0\\\a0eng\\
=022  0\$a2398-2888$202
=040  \\$aUk$beng$cUk$erda
=222  \0$aSchleich dinosaurs
=245  00$aSchleich dinosaurs.
=263  \\$a201607
=264  \1$aColchester :$bHubert Burda Media UK
=310  \\$aBimonthly
=336  \\$atext$2rdacontent
=337  \\$aunmediated$2rdamedia
=338  \\$avolume$2rdacarrier
=985  \\$aLDO SERIALS - PLEASE PASS ALL ITEMS RECEIVED TO ISSN UK CENTRE.
=CAT  \\$a10973$b40$c20160429$lBLL01$h1611
=FMT  \\$a  SE
=LAS  \\$a10973$b40$c20160429$lBLL01$h1611

