=LDR  00812 as a22002658i 4500
=001  017837611
=003  Uk
=005  20160504134446.0
=007  ta
=008  160504c20169999enkar\p\\\\\\\0\\\a0eng\\
=022  0\$a2398-3825$202
=040  \\$aUk$beng$cUk$erda
=222  \0$aWhich consultant? West Midlands region
=245  00$aWhich consultant?$pWest Midlands region.
=263  \\$a201607
=264  \1$aSutton Coldfield :$bThe Consultant Forum UK Ltd
=310  \\$aAnnual
=336  \\$atext$2rdacontent
=337  \\$aunmediated$2rdamedia
=338  \\$avolume$2rdacarrier
=985  \\$aLDO SERIALS - PLEASE PASS ALL ITEMS RECEIVED TO ISSN UK CENTRE.
=CAT  \\$a11205$b40$c20160504$lBLL01$h1344
=FMT  \\$a  SE
=LAS  \\$a11205$b40$c20160504$lBLL01$h1344
=LET  \0$aWhich consultant? West Midlands region (Print)

