=LDR  00793 as a22002778i 4500
=001  017837948
=003  Uk
=005  20160505102610.0
=007  ta
=008  160505c20169999enkmr\p\\\\\\\0\\\a0eng\\
=022  0\$a2398-3868$202
=040  \\$aUk$beng$cUk$erda
=222  \0$aOff the rails
=245  00$aOff the rails.
=263  \\$a201606
=264  \1$aSale :$bOff the Rails Magazine Ltd
=310  \\$aMonthly
=336  \\$atext$2rdacontent
=337  \\$aunmediated$2rdamedia
=338  \\$avolume$2rdacarrier
=985  \\$aISSN note: Issues 1-6 online & print on demand only.
=985  \\$aLDO SERIALS - PLEASE PASS ALL ITEMS RECEIVED TO ISSN UK CENTRE.
=CAT  \\$a11205$b40$c20160505$lBLL01$h1026
=FMT  \\$a  SE
=LAS  \\$a11205$b40$c20160505$lBLL01$h1026
=LET  \0$aOff the rails (Print)

