=LDR  00705 as a22002658i 4500
=001  017839331
=003  Uk
=005  20160506104950.0
=007  ta
=008  160506c20169999enktr\p\\\\\\\0\\\a0eng\\
=022  0\$a2398-3965$202
=040  \\$aUk$beng$cUk$erda
=222  \0$aBLK | CLR
=245  00$aBLK | CLR.
=246  3\$aBlack | colour
=263  \\$a201605
=264  \1$aLondon :$bS. Zaicew
=310  \\$aThree times a year
=336  \\$atext$2rdacontent
=337  \\$aunmediated$2rdamedia
=338  \\$avolume$2rdacarrier
=985  \\$aLDO SERIALS - PLEASE PASS ALL ITEMS RECEIVED TO ISSN UK CENTRE.
=CAT  \\$a10973$b40$c20160506$lBLL01$h1049
=FMT  \\$a  SE
=LAS  \\$a10973$b40$c20160506$lBLL01$h1049

