=LDR  00746 as a22002658i 4500
=001  017845863
=003  Uk
=005  20160512093432.0
=007  ta
=008  160512c20169999enkfr\p\\\\\\\0\\\a0eng\\
=022  0\$a2398-4074$202
=040  \\$aUk$beng$cUk$erda
=222  \4$aThe girls of Mayfair
=245  04$aThe girls of Mayfair.
=263  \\$a201606
=264  \1$a[Walton-on-Thames] :$bAndy Thorp
=310  \\$aSemiannual
=336  \\$atext$2rdacontent
=337  \\$aunmediated$2rdamedia
=338  \\$avolume$2rdacarrier
=985  \\$aLDO SERIALS - PLEASE PASS ALL ITEMS RECEIVED TO ISSN UK CENTRE.
=CAT  \\$a11205$b40$c20160512$lBLL01$h0934
=FMT  \\$a  SE
=LAS  \\$a11205$b40$c20160512$lBLL01$h0934
=LET  \4$aThe girls of Mayfair (Print)

