=LDR  00686 as a22002538i 4500
=001  017846029
=003  Uk
=005  20160512142855.0
=007  ta
=008  160512c20169999enkqr\p\\\\\\\0\\\a0eng\\
=022  0\$a2398-2918$202
=040  \\$aUk$beng$cUk$erda
=222  \0$aImpossible to print
=245  00$aImpossible to print.
=263  \\$a201606
=264  \1$aLondon :$bImpossible
=310  \\$aQuarterly
=336  \\$atext$2rdacontent
=337  \\$aunmediated$2rdamedia
=338  \\$avolume$2rdacarrier
=985  \\$aLDO SERIALS - PLEASE PASS ALL ITEMS RECEIVED TO ISSN UK CENTRE.
=CAT  \\$a10973$b40$c20160512$lBLL01$h1428
=FMT  \\$a  SE
=LAS  \\$a10973$b40$c20160512$lBLL01$h1428

