=LDR  00718 as a22002658i 4500
=001  017846072
=003  Uk
=005  20160512154901.0
=007  ta
=008  160512c20179999enkfr\p\\\\\\\0\\\a0eng\\
=022  0\$a2398-4120$202
=040  \\$aUk$beng$cUk$erda
=222  \0$aMake progress
=245  00$aMake progress.
=263  \\$a201701
=264  \1$aBirmingham :$bA. Basharat
=310  \\$aSemiannual
=336  \\$atext$2rdacontent
=337  \\$aunmediated$2rdamedia
=338  \\$avolume$2rdacarrier
=985  \\$aLDO SERIALS - PLEASE PASS ALL ITEMS RECEIVED TO ISSN UK CENTRE.
=CAT  \\$a11205$b40$c20160512$lBLL01$h1549
=FMT  \\$a  SE
=LAS  \\$a11205$b40$c20160512$lBLL01$h1549
=LET  \0$aMake progress (Print)

