=LDR  01262 as a22003498i 4500
=001  017851918
=003  Uk
=005  20160518112659.0
=007  ta
=008  160518c20059999enkqr\p\\\\\\\0\\\a0eng\\
=022  0\$a2398-4252$202
=040  \\$aUk$beng$cUk$erda
=222  \0$aCasino & gaming international$b(Print)
=245  00$aCasino & gaming international.
=246  3\$aCasino and gaming international
=246  10$aCGI
=263  \\$a201606
=264  \1$aBillericay :$bDanancy Screen Media Limited
=310  \\$aQuarterly
=336  \\$atext$2rdacontent
=337  \\$aunmediated$2rdamedia
=338  \\$avolume$2rdacarrier
=985  \\$aLDO SERIALS - PLEASE PASS ALL ITEMS RECEIVED TO ISSN UK CENTRE.
=985  \\$aISSN Centre note: Please see correspondence regarding previous incarnation of this title.
=985  \\$aOnline version in existance (2398-4260), please add 776 on completion of print version and check publisher details in online version.
=CAT  \\$a11205$b40$c20160518$lBLL01$h1052
=CAT  \\$a11205$b40$c20160518$lBLL01$h1119
=CAT  \\$a11205$b40$c20160518$lBLL01$h1121
=CAT  \\$a11205$b40$c20160518$lBLL01$h1126
=FMT  \\$a  SE
=LAS  \\$a11205$b40$c20160518$lBLL01$h1126
=LET  \0$aCasino & gaming international (Print)

