=LDR  00723 as a22002658i 4500
=001  017852133
=003  Uk
=005  20160803104942.0
=007  ta
=008  160518c20169999enkmr\p\\\\\\\0\\\a0eng\\
=022  0\$a2398-3523$202
=040  \\$aUk$beng$cUk$erda
=222  \0$aToy meets world
=245  00$aToy meets world.
=263  \\$a201608
=264  \1$aExeter :$bA. Forse
=310  \\$aMonthly
=336  \\$atext$2rdacontent
=337  \\$aunmediated$2rdamedia
=338  \\$avolume$2rdacarrier
=985  \\$aLDO SERIALS - PLEASE PASS ALL ITEMS RECEIVED TO ISSN UK CENTRE.
=CAT  \\$a10973$b40$c20160518$lBLL01$h1639
=CAT  \\$a10973$b40$c20160803$lBLL01$h1049
=FMT  \\$a  SE
=LAS  \\$a10973$b40$c20160803$lBLL01$h1049

