=LDR  00845 as a22002778i 4500
=001  017855202
=003  Uk
=005  20160523090324.0
=007  ta
=008  160523c20169999enkmr\p\\\\\\\0\\\a0eng\\
=022  0\$a2398-4325$202
=040  \\$aUk$beng$cUk$erda
=222  \0$aFarmers machinery trader$b(Print)
=245  00$aFarmers machinery trader.
=263  \\$a201608
=264  \1$aRothwell :$bFarmYard Publications Ltd
=310  \\$aMonthly
=336  \\$atext$2rdacontent
=337  \\$aunmediated$2rdamedia
=338  \\$avolume$2rdacarrier
=776  08$iAlso issued online as:$tFarmers machinery trader$x2398-4333
=985  \\$aLDO SERIALS - PLEASE PASS ALL ITEMS RECEIVED TO ISSN UK CENTRE.
=CAT  \\$a11313$b40$c20160523$lBLL01$h0903
=FMT  \\$a  SE
=LAS  \\$a11313$b40$c20160523$lBLL01$h0903
=LET  \0$aFarmers machinery trader (Print)

