=LDR  00701 as a22002538i 4500
=001  017858830
=003  Uk
=005  20160526114114.0
=007  ta
=008  160526c20169999enkfr\p\\\\\\\0\\\a0eng\\
=022  0\$a2398-4465$202
=040  \\$aUk$beng$cUk$erda
=222  \0$aTennis poster series
=245  00$aTennis poster series.
=263  \\$a201606
=264  \1$aLondon :$bMillcrest Distribution
=310  \\$aSemiannual
=336  \\$atext$2rdacontent
=337  \\$aunmediated$2rdamedia
=338  \\$avolume$2rdacarrier
=985  \\$aLDO SERIALS - PLEASE PASS ALL ITEMS RECEIVED TO ISSN UK CENTRE.
=CAT  \\$a11313$b40$c20160526$lBLL01$h1141
=FMT  \\$a  SE
=LAS  \\$a11313$b40$c20160526$lBLL01$h1141

