=LDR  00700 as a22002538i 4500
=001  017858844
=003  Uk
=005  20160526115016.0
=007  ta
=008  160526c20169999enkqr\p\\\\\\\0\\\a0eng\\
=022  0\$a2398-4481$202
=040  \\$aUk$beng$cUk$erda
=222  \0$aFootball wall charts
=245  00$aFootball wall charts.
=263  \\$a201605
=264  \1$aLondon :$bMillcrest Distribution
=310  \\$aQuarterly
=336  \\$atext$2rdacontent
=337  \\$aunmediated$2rdamedia
=338  \\$avolume$2rdacarrier
=985  \\$aLDO SERIALS - PLEASE PASS ALL ITEMS RECEIVED TO ISSN UK CENTRE.
=CAT  \\$a11313$b40$c20160526$lBLL01$h1150
=FMT  \\$a  SE
=LAS  \\$a11313$b40$c20160526$lBLL01$h1150

