=LDR  00769 as a22002658i 4500
=001  017860891
=003  Uk
=005  20170406135046.0
=007  ta
=008  160531c20169999enkqr\p\\\\\\\0\\\a0eng\\
=022  0\$a2398-4511$202
=040  \\$aUk$beng$cUk$erda
=222  \0$aChampions League poster series
=245  00$aChampions League poster series.
=263  \\$a201709
=264  \1$aLondon :$bMillcrest Distribution
=310  \\$aQuarterly
=336  \\$atext$2rdacontent
=337  \\$aunmediated$2rdamedia
=338  \\$avolume$2rdacarrier
=985  \\$aLDO SERIALS - PLEASE PASS ALL ITEMS RECEIVED TO ISSN UK CENTRE.
=CAT  \\$a11313$b40$c20160531$lBLL01$h0844
=CAT  \\$a10973$b40$c20170406$lBLL01$h1350
=FMT  \\$a  SE
=LAS  \\$a10973$b40$c20170406$lBLL01$h1350

