=LDR  00973 as a22002778i 4500
=001  017865831
=003  Uk
=005  20160602170127.0
=007  ta
=008  160602c20169999enkar\p\\\\\\\1\\\a0eng\\
=022  0\$a2398-5658$202
=040  \\$aUk$beng$cUk$erda
=222  \0$aNewman University Business Management Research Conference$b(Print)
=245  00$aNewman University Business Management Research Conference.
=263  \\$a201606
=264  \1$aBartley Green :$bNewman University
=310  \\$aAnnual
=336  \\$atext$2rdacontent
=337  \\$aunmediated$2rdamedia
=338  \\$avolume$2rdacarrier
=776  08$iAlso issued online as:$tNewman University Business Management Research Conference$x2398-5666
=985  \\$aLDO SERIALS - PLEASE PASS ALL ITEMS RECEIVED TO ISSN UK CENTRE.
=CAT  \\$a11205$b40$c20160602$lBLL01$h1701
=FMT  \\$a  SE
=LAS  \\$a11205$b40$c20160602$lBLL01$h1701
=LET  \0$aNewman University Business Management Research Conference (Print)

