=LDR  00690 as a22002538i 4500
=001  017873905
=003  Uk
=005  20160609141645.0
=007  ta
=008  160609c20169999enkqr\p\\\\\\\0\\\a0eng\\
=022  0\$a2398-5143$202
=040  \\$aUk$beng$cUk$erda
=222  \0$aSpirit of 1901
=245  00$aSpirit of 1901
=263  \\$a201606
=264  \1$aWorcester :$bPositive Media Limited
=310  \\$aQuarterly
=336  \\$atext$2rdacontent
=337  \\$aunmediated$2rdamedia
=338  \\$avolume$2rdacarrier
=985  \\$aLDO SERIALS - PLEASE PASS ALL ITEMS RECEIVED TO ISSN UK CENTRE.
=CAT  \\$a10973$b40$c20160609$lBLL01$h1416
=FMT  \\$a  SE
=LAS  \\$a10973$b40$c20160609$lBLL01$h1416

