=LDR  00742 as a22002538i 4500
=001  017874644
=003  Uk
=005  20160610144650.0
=007  ta
=008  160610c20169999enkar\p\\\\\\\0\\\a0eng\\
=022  0\$a2398-5186$202
=040  \\$aUk$beng$cUk$erda
=222  \0$aBLAUK journal of law
=245  00$aBLAUK journal of law.
=246  3\$aBangladesh Law Association UK journal of law
=263  \\$a201610
=264  \1$aLondon :$bBangladesh Law Association UK
=336  \\$atext$2rdacontent
=337  \\$aunmediated$2rdamedia
=338  \\$avolume$2rdacarrier
=985  \\$aLDO SERIALS - PLEASE PASS ALL ITEMS RECEIVED TO ISSN UK CENTRE.
=CAT  \\$a10973$b40$c20160610$lBLL01$h1446
=FMT  \\$a  SE
=LAS  \\$a10973$b40$c20160610$lBLL01$h1446

