=LDR  00671 as a22002538i 4500
=001  017876813
=003  Uk
=005  20160613090706.0
=007  ta
=008  160613c20169999enkfr\p\\\\\\\0\\\a0eng\\
=022  0\$a2398-6328$202
=040  \\$aUk$beng$cUk$erda
=222  \0$aSixteen$b(Qualify)
=245  00$aSixteen.
=263  \\$a201606
=264  \1$aLondon :$bEncinas
=310  \\$aSemiannual
=336  \\$atext$2rdacontent
=337  \\$aunmediated$2rdamedia
=338  \\$avolume$2rdacarrier
=985  \\$aLDO SERIALS - PLEASE PASS ALL ITEMS RECEIVED TO ISSN UK CENTRE.
=CAT  \\$a11313$b40$c20160613$lBLL01$h0907
=FMT  \\$a  SE
=LAS  \\$a11313$b40$c20160613$lBLL01$h0907

