=LDR  00842 as a22002658i 4500
=001  017876969
=003  Uk
=005  20160613134227.0
=007  ta
=008  160613c20169999enker\p\\\\\\\0\\\a0eng\\
=022  0\$a2398-6387$202
=040  \\$aUk$beng$cUk$erda
=222  \4$aThe new animal farm collection
=245  04$aThe new animal farm collection.
=263  \\$a201609
=264  \1$aLondon :$bDe Agostini
=310  \\$aFortnightly
=336  \\$atext$2rdacontent
=337  \\$aunmediated$2rdamedia
=338  \\$avolume$2rdacarrier
=985  \\$aISSN UK Centre note: C/T from ISSN 2047-1084 - please add 78X and LKR fields when completing. ISSN UK, 13.06.2016.
=985  \\$aLDO SERIALS - PLEASE PASS ALL ITEMS RECEIVED TO ISSN UK CENTRE.
=CAT  \\$a11313$b40$c20160613$lBLL01$h1342
=FMT  \\$a  SE
=LAS  \\$a11313$b40$c20160613$lBLL01$h1342

