=LDR  00938 as a22002898i 4500
=001  017881053
=003  Uk
=005  20171122133219.0
=007  ta
=008  160615c20169999enkmr\p\\\\\\\0\\\a0eng\\
=022  0\$a2398-578X$202
=040  \\$aUk$beng$cUk$erda
=222  \0$aCaribbeanesque! magazine$b(Print)
=245  00$aCaribbeanesque! magazine.
=263  \\$a201606
=264  \1$aLondon :$bCreative Media Publications
=310  \\$aMonthly
=336  \\$atext$2rdacontent
=337  \\$aunmediated$2rdamedia
=338  \\$avolume$2rdacarrier
=985  \\$aLDO SERIALS - PLEASE PASS ALL ITEMS RECEIVED TO ISSN UK CENTRE.
=985  \\$aISSN UK Centre: See also online version (ISSN 2398-5798), please add 776 to both records on completion.
=CAT  \\$a11205$b40$c20160615$lBLL01$h1126
=CAT  \\$a10973$b40$c20171122$lBLL01$h1332
=FMT  \\$a  SE
=LAS  \\$a10973$b40$c20171122$lBLL01$h1332
=LET  \0$aCaribbeanesque! magazine (Print)

