=LDR  00872 as a22002898i 4500
=001  017882026
=003  Uk
=005  20160616144634.0
=007  ta
=008  160616c20169999stkmr\m\\\\\\\0\\\a0eng\\
=022  0\$a2398-6190$202
=040  \\$aUk$beng$cUk$erda
=222  \0$aCAS policy series$b(Print)
=245  00$aCAS policy series.
=246  3\$aCitizens Advice Scotland policy series
=263  \\$a201607
=264  \1$aEdinburgh :$bCitizens Advice Scotland
=310  \\$aMonthly
=336  \\$atext$2rdacontent
=337  \\$aunmediated$2rdamedia
=338  \\$avolume$2rdacarrier
=776  08$iAlso issued online as:$tCAS policy series$x2398-6204
=985  \\$aLDO SERIALS - PLEASE PASS ALL ITEMS RECEIVED TO ISSN UK CENTRE.
=CAT  \\$a11205$b40$c20160616$lBLL01$h1446
=FMT  \\$a  SE
=LAS  \\$a11205$b40$c20160616$lBLL01$h1446
=LET  \0$aCAS policy series (Print)

