=LDR  00750 as a22002778i 4500
=001  017890365
=003  Uk
=005  20160622142652.0
=007  ta
=008  160622c20169999enkfr\p\\\\\\\0\\\a0eng\\
=022  0\$a2398-6840$202
=040  \\$aUk$beng$cUk$erda
=222  \0$aHostage
=245  00$aHostage.
=263  \\$a201607
=264  \1$aLondon :$bHostage Magazine
=310  \\$aSemiannual
=336  \\$atext$2rdacontent
=337  \\$aunmediated$2rdamedia
=338  \\$avolume$2rdacarrier
=985  \\$aLDO SERIALS - PLEASE PASS ALL ITEMS RECEIVED TO ISSN UK CENTRE.
=CAT  \\$a11205$b40$c20160622$lBLL01$h1200
=CAT  \\$a11205$b40$c20160622$lBLL01$h1426
=FMT  \\$a  SE
=LAS  \\$a11205$b40$c20160622$lBLL01$h1426
=LET  \0$aHostage (Print)

