=LDR  00857 as a22003018i 4500
=001  017891456
=003  Uk
=005  20160623155236.0
=007  ta
=008  160623c20169999enktr\p\\\\\\\0\\\a0eng\\
=022  0\$a2398-6972$202
=040  \\$aUk$beng$cUk$erda
=222  \0$aAbode2$b(Asia ed. Print)
=245  00$aAbode2.
=246  3\$aAbode 2
=246  3\$aAbode two
=263  \\$a201608
=264  \1$aAylesbury :$bSerious Brands
=310  \\$aThree times a year
=336  \\$atext$2rdacontent
=337  \\$aunmediated$2rdamedia
=338  \\$avolume$2rdacarrier
=776  08$iAlso issued online as:$tAbode2 (Asia edition)$x2398-6980
=985  \\$aLDO SERIALS - PLEASE PASS ALL ITEMS RECEIVED TO ISSN UK CENTRE.
=CAT  \\$a11205$b40$c20160623$lBLL01$h1552
=FMT  \\$a  SE
=LAS  \\$a11205$b40$c20160623$lBLL01$h1552
=LET  \0$aAbode2 (Asia ed. Print)

