=LDR  00744 as a22002658i 4500
=001  017891474
=003  Uk
=005  20160623164630.0
=007  ta
=008  160623c20169999enkfr\p\\\\\\\0\\\a0eng\\
=022  0\$a2398-7006$202
=040  \\$aUk$beng$cUk$erda
=222  \0$aScreen shot magazine
=245  00$aScreen shot magazine.
=263  \\$a201607
=264  \1$aLondon :$bScreen Shot Magazine
=310  \\$aSemiannual
=336  \\$atext$2rdacontent
=337  \\$aunmediated$2rdamedia
=338  \\$avolume$2rdacarrier
=985  \\$aLDO SERIALS - PLEASE PASS ALL ITEMS RECEIVED TO ISSN UK CENTRE.
=CAT  \\$a11205$b40$c20160623$lBLL01$h1646
=FMT  \\$a  SE
=LAS  \\$a11205$b40$c20160623$lBLL01$h1646
=LET  \0$aScreen shot magazine (Print)

