=LDR  01175 as a22003018i 4500
=001  017896044
=003  Uk
=005  20170809154317.0
=007  ta
=008  160628c20169999enkqr\p\\\\\\\0\\\k0kor\\
=022  0\$a2398-7332
=040  \\$aUk$beng$cUk$erda
=222  \0$aClinical and basic urology$b(Korean ed.)
=245  00$aClinical and basic urology (Korean edition).
=263  \\$a201608
=264  \1$aQueensland, Australia :$bJohn Wiley & Sons Australia, Ltd
=310  \\$aQuarterly
=336  \\$atext$2rdacontent
=337  \\$aunmediated$2rdamedia
=338  \\$avolume$2rdacarrier
=985  \\$aLDO SERIALS - PLEASE PASS ALL ITEMS RECEIVED TO ISSN UK CENTRE.
=985  \\$aISSN UK: Record created by ISSN UK in absence of clarity in Multinational Publisher List. 'enk' used in 008 to enable migration to Portal. Please pass any problems to Richard (28/06/16)
=985  \\$aISSN UK Centre: transferred to US ISSN Center 9.8.17 (multinational publisher agreement). DLW.
=CAT  \\$a10806$b40$c20160628$lBLL01$h1328
=CAT  \\$a10806$b40$c20160628$lBLL01$h1337
=CAT  \\$a10973$b40$c20170809$lBLL01$h1543
=FMT  \\$a  SE
=LAS  \\$a10973$b40$c20170809$lBLL01$h1543

