=LDR  00757 as a22002658i 4500
=001  017916516
=003  Uk
=005  20160707122425.0
=007  ta
=008  160707c20169999uikmr\p\\\\\\\0\\\a0eng\\
=022  0\$a2398-7472$202
=040  \\$aUk$beng$cUk$erda
=222  \4$aThe Guernsey gache
=245  04$aThe Guernsey gache.
=263  \\$a201609
=264  \1$aGuernsey, Channel Islands :$bOrmerland Limited
=310  \\$aMonthly
=336  \\$atext$2rdacontent
=337  \\$aunmediated$2rdamedia
=338  \\$avolume$2rdacarrier
=985  \\$aLDO SERIALS - PLEASE PASS ALL ITEMS RECEIVED TO ISSN UK CENTRE.
=CAT  \\$a11205$b40$c20160707$lBLL01$h1224
=FMT  \\$a  SE
=LAS  \\$a11205$b40$c20160707$lBLL01$h1224
=LET  \4$aThe Guernsey gache (Print)

