=LDR  00710 as a22002538i 4500
=001  017921677
=003  Uk
=005  20160708153537.0
=007  ta
=008  160708c20169999enkfr\p\\\\\\\0\\\a0eng\\
=022  0\$a2398-7774$202
=040  \\$aUk$beng$cUk$erda
=222  \0$aEqual rights review$b(Russian ed.)
=245  00$aEqual rights review.
=263  \\$a201607
=264  \1$aLondon :$bEqual Rights Trust
=310  \\$aSemiannual
=336  \\$atext$2rdacontent
=337  \\$aunmediated$2rdamedia
=338  \\$avolume$2rdacarrier
=985  \\$aLDO SERIALS - PLEASE PASS ALL ITEMS RECEIVED TO ISSN UK CENTRE.
=CAT  \\$a11313$b40$c20160708$lBLL01$h1535
=FMT  \\$a  SE
=LAS  \\$a11313$b40$c20160708$lBLL01$h1535

