=LDR  00993 as a22003138i 4500
=001  017924472
=003  Uk
=005  20200121081253.0
=007  ta
=008  160712c20169999enkqr\p\\\\\\\0\\\a0eng\\
=022  0\$a2398-7863$202
=040  \\$aUk$beng$cUk$erda
=222  \0$aLand, law, finance$b(Print)
=245  00$aLand, law, finance.
=263  \\$a201607
=264  \1$aBrighouse :$bRed Hen Promotions Ltd.
=310  \\$aQuarterly
=336  \\$atext$2rdacontent
=337  \\$aunmediated$2rdamedia
=338  \\$avolume$2rdacarrier
=776  08$iAlso issued online as:$tLand, law, finance$x2398-7871
=985  \\$aLDO SERIALS - PLEASE PASS ALL ITEMS RECEIVED TO ISSN UK CENTRE.
=985  \\$aLDO SERIALS - PLEASE link to online when cataloguing print
=CAT  \\$a10806$b40$c20160712$lBLL01$h1134
=CAT  \\$a10806$b40$c20160712$lBLL01$h1135
=CAT  \\$a8124$b40$c20200121$lBLL01$h0812
=FMT  \\$a  SE
=LAS  \\$a8124$b40$c20200121$lBLL01$h0812
=LET  \0$aLand, law, finance (Print)

