=LDR  00851 as a22002898i 4500
=001  017924566
=003  Uk
=005  20160712140041.0
=007  ta
=008  160712c20169999enkmr\p\\\\\\\0\\\a0eng\\
=022  0\$a2398-788X$202
=040  \\$aUk$beng$cUk$erda
=222  \0$aFarmingUK$b(Print)
=245  00$aFarmingUK.
=246  3\$aFarming UK
=263  \\$a201608
=264  \1$aBrighouse, West Yorkshire :$bRed Hen Promotions Ltd.
=310  \\$aMonthly
=336  \\$atext$2rdacontent
=337  \\$aunmediated$2rdamedia
=338  \\$avolume$2rdacarrier
=985  \\$aPlease add 776 link to online version on completion (ISSN 2398-7898)
=985  \\$aLDO SERIALS - PLEASE PASS ALL ITEMS RECEIVED TO ISSN UK CENTRE.
=CAT  \\$a10806$b40$c20160712$lBLL01$h1400
=FMT  \\$a  SE
=LAS  \\$a10806$b40$c20160712$lBLL01$h1400
=LET  \0$aFarmingUK (Print)

