=LDR  00715 as a22002658i 4500
=001  017924592
=003  Uk
=005  20160712144925.0
=007  ta
=008  160712c20169999enker\p\\\\\\\0\\\a0eng\\
=022  0\$a2398-5917$202
=040  \\$aUk$beng$cUk$erda
=222  \0$aSuperbikes
=245  00$aSuperbikes.
=263  \\$a201610
=264  \1$aLondon :$bHachette Partworks Ltd
=310  \\$aFortnightly
=336  \\$atext$2rdacontent
=337  \\$aunmediated$2rdamedia
=338  \\$avolume$2rdacarrier
=985  \\$aLDO SERIALS - PLEASE PASS ALL ITEMS RECEIVED TO ISSN UK CENTRE.
=CAT  \\$a7152$b40$c20160712$lBLL01$h1449
=FMT  \\$a  SE
=LAS  \\$a7152$b40$c20160712$lBLL01$h1449
=LET  \0$aSuperbikes (Print)

