=LDR  00790 as a22002658i 4500
=001  017940205
=003  Uk
=005  20160721143457.0
=007  ta
=008  160721c20169999enkqr\p\\\\\\\0\\\a0eng\\
=022  0\$a2398-8649$202
=040  \\$aUk$beng$cUk$erda
=222  \0$aYour health choices$b(West Midlands ed.)
=245  00$aYour health choices.
=263  \\$a201609
=264  \1$aSutton Coldfield :$bConsultant Forum UK Ltd
=310  \\$aQuarterly
=336  \\$atext$2rdacontent
=337  \\$aunmediated$2rdamedia
=338  \\$avolume$2rdacarrier
=985  \\$aLDO SERIALS - PLEASE PASS ALL ITEMS RECEIVED TO ISSN UK CENTRE.
=CAT  \\$a11313$b40$c20160721$lBLL01$h1434
=FMT  \\$a  SE
=LAS  \\$a11313$b40$c20160721$lBLL01$h1434
=LET  \0$aYour health choices (West Midlands edition)

