=LDR  00689 as a22002538i 4500
=001  017944991
=003  Uk
=005  20160727082257.0
=007  ta
=008  160727c20179999enkwr\p\\\\\\\0\\\a0eng\\
=022  0\$a2398-5933$202
=040  \\$aUk$beng$cUk$erda
=222  \0$aBarbie, you can be ...
=245  00$aBarbie, you can be ...
=263  \\$a201703
=264  \1$aLondon :$bDe Agostini
=310  \\$aWeekly
=336  \\$atext$2rdacontent
=337  \\$aunmediated$2rdamedia
=338  \\$avolume$2rdacarrier
=985  \\$aLDO SERIALS - PLEASE PASS ALL ITEMS RECEIVED TO ISSN UK CENTRE.
=CAT  \\$a10973$b40$c20160727$lBLL01$h0822
=FMT  \\$a  SE
=LAS  \\$a10973$b40$c20160727$lBLL01$h0822

