=LDR  00825 as a22002658i 4500
=001  017945208
=003  Uk
=005  20160727115911.0
=007  ta
=008  160727c20169999enkbr\p\\\\\\\0\\\a0eng\\
=022  0\$a2398-5984$202
=040  \\$aUk$beng$cUk$erda
=222  \0$aPairs project
=245  00$aPairs project.
=263  \\$a201609
=264  \1$aLondon :$bLa Vache Group Limited
=310  \\$aBimonthly
=336  \\$atext$2rdacontent
=337  \\$aunmediated$2rdamedia
=338  \\$avolume$2rdacarrier
=985  \\$aISSN UK Centre note: please see file, this is a new magazine to be launched in 2016 but the numbering will start with 101.
=985  \\$aLDO SERIALS - PLEASE PASS ALL ITEMS RECEIVED TO ISSN UK CENTRE.
=CAT  \\$a10973$b40$c20160727$lBLL01$h1159
=FMT  \\$a  SE
=LAS  \\$a10973$b40$c20160727$lBLL01$h1159

