=LDR  00674 as a22002538i 4500
=001  017946866
=003  Uk
=005  20160729110144.0
=007  ta
=008  160729c20169999enkbr\p\\\\\\\0\\\a0eng\\
=022  0\$a2398-869X$202
=040  \\$aUk$beng$cUk$erda
=222  \0$aDebut$b(Qualify)
=245  00$aDebut.
=263  \\$a201609
=264  \1$aLondon :$bDebut Media Ltd
=310  \\$aBimonthly
=336  \\$atext$2rdacontent
=337  \\$aunmediated$2rdamedia
=338  \\$avolume$2rdacarrier
=985  \\$aLDO SERIALS - PLEASE PASS ALL ITEMS RECEIVED TO ISSN UK CENTRE.
=CAT  \\$a11313$b40$c20160729$lBLL01$h1101
=FMT  \\$a  SE
=LAS  \\$a11313$b40$c20160729$lBLL01$h1101

