=LDR  00785 as a22002898i 4500
=001  017958787
=003  Uk
=005  20160803121915.0
=007  ta
=008  160803c20169999enkfr\p\\\\\\\0\\\a0eng\\
=022  0\$a2398-855X$202
=040  \\$aUk$beng$cUk$erda
=222  \0$aFTUK
=245  00$aFTUK
=246  13$aFTUK magazine
=246  3\$aFitness trainer UK
=263  \\$a201608
=264  \1$aBeckenham :$bFitness Trainer UK Ltd
=310  \\$aSemiannual
=336  \\$atext$2rdacontent
=337  \\$aunmediated$2rdamedia
=338  \\$avolume$2rdacarrier
=985  \\$aLDO SERIALS - PLEASE PASS ALL ITEMS RECEIVED TO ISSN UK CENTRE.
=CAT  \\$a10973$b40$c20160803$lBLL01$h1044
=CAT  \\$a10973$b40$c20160803$lBLL01$h1219
=FMT  \\$a  SE
=LAS  \\$a10973$b40$c20160803$lBLL01$h1219

