=LDR  01411 as a22004098i 4500
=001  017975753
=003  Uk
=005  20210930131752.0
=007  ta
=008  160815c20169999enkar\p\\\\\\\0\\\a0eng\\
=022  0\$a2398-8851$202
=040  \\$aUk$beng$cUk$erda
=222  \0$aLupus science & medicine$b(Print)
=245  00$aLupus science & medicine.
=246  3\$aLupus science and medicine
=263  \\$a201611
=264  \1$aLondon :$bBMJ
=310  \\$aAnnual
=336  \\$atext$2rdacontent
=337  \\$aunmediated$2rdamedia
=338  \\$avolume$2rdacarrier
=540  \\$aCurrent copyright fee: zero$c118\0$5Uk
=856  \\$31850-9999$uhttp://www.bmj.com/archive$xBLDSS
=985  \\$aISSN UK Centre note: see also existing online version (ISSN 2053-8790), please add 776/LKR as necessary.
=985  \\$aLDO SERIALS - PLEASE PASS ALL ITEMS RECEIVED TO ISSN UK CENTRE.
=CAT  \\$a10973$b40$c20160815$lBLL01$h1213
=CAT  \\$a12654$b40$c20190715$lBLL01$h1057
=CAT  \\$aBATCH-UPD$b40$c20190716$lBLL01$h2357
=CAT  \\$aBLDSS-3PM$b00$c20190725$lBLL01$h1607
=CAT  \\$aBATCH-UPD$b00$c20190725$lBLL01$h1607
=CAT  \\$a11205$b40$c20210930$lBLL01$h1317
=CFI  0\$aCurrent copyright fee: zero$c118\0$e15-jul-2019$fGBP0.00$g0$hP$5Uk
=FFP  \\$aY$bBLDSS-3PM
=FMT  \\$a  SE
=LAS  \\$a11205$b40$c20210930$lBLL01$h1317
=LET  \0$aLupus science & medicine (Print)
=UNO  \\$aY

