=LDR  00882 as a22002778i 4500
=001  017976288
=003  Uk
=005  20160816143004.0
=007  ta
=008  160816c20169999enkbr\p\\\\\\\0\\\a0eng\\
=022  0\$a2398-9637$202
=040  \\$aUk$beng$cUk$erda
=222  \0$aCloser special series
=245  00$aCloser special series.
=263  \\$a201609
=264  \1$aLondon :$bBauer Media
=310  \\$aBimonthly
=336  \\$atext$2rdacontent
=337  \\$aunmediated$2rdamedia
=338  \\$avolume$2rdacarrier
=985  \\$aLDO SERIALS - PLEASE PASS ALL ITEMS RECEIVED TO ISSN UK CENTRE.
=985  \\$aISSN Centre note: Change of title from: Closer to ... real life, ISSN 2397-6101. Please add 78X fields and LKR when cataloguing.
=CAT  \\$a11205$b40$c20160816$lBLL01$h1430
=FMT  \\$a  SE
=LAS  \\$a11205$b40$c20160816$lBLL01$h1430
=LET  \0$aCloser special series (Print)

