=LDR  00747 as a22002658i 4500
=001  017980545
=003  Uk
=005  20160819122059.0
=007  ta
=008  160819c20169999enkbr\p\\\\\\\0\\\a0eng\\
=022  0\$a2398-9831$202
=040  \\$aUk$beng$cUk$erda
=222  \0$aDriven by classic cars
=245  00$aDriven by classic cars.
=263  \\$a201610
=264  \1$aPeterborough :$bBauer Media
=310  \\$aBimonthly
=336  \\$atext$2rdacontent
=337  \\$aunmediated$2rdamedia
=338  \\$avolume$2rdacarrier
=985  \\$aLDO SERIALS - PLEASE PASS ALL ITEMS RECEIVED TO ISSN UK CENTRE.
=CAT  \\$a11205$b40$c20160819$lBLL01$h1220
=FMT  \\$a  SE
=LAS  \\$a11205$b40$c20160819$lBLL01$h1220
=LET  \0$aDriven by classic cars. (Print)

