=LDR  00768 as a22002538i 4500
=001  017983800
=003  Uk
=005  20160823092102.0
=007  ta
=008  160823c20189999enk\x\m\\\\\\\0\\\a0eng\\
=022  0\$a2398-8916$202
=040  \\$aUk$beng$cUk$erda
=222  \0$aKnowledge and communication in the enlightenment world
=245  00$aKnowledge and communication in the enlightenment world.
=263  \\$a201801
=264  \1$aWoodbridge :$bBoydell and Brewer
=310  \\$aIrregular
=336  \\$atext$2rdacontent
=337  \\$aunmediated$2rdamedia
=338  \\$avolume$2rdacarrier
=985  \\$aLDO SERIALS - PLEASE PASS ALL ITEMS RECEIVED TO ISSN UK CENTRE.
=CAT  \\$a10973$b40$c20160823$lBLL01$h0921
=FMT  \\$a  SE
=LAS  \\$a10973$b40$c20160823$lBLL01$h0921

