=LDR  00949 as a22002898i 4500
=001  017984380
=003  Uk
=005  20161116133718.0
=007  ta
=008  160823c20169999enkar\p\\\\\\\0\\\a0eng\\
=022  0\$a2398-8932$202
=040  \\$aUk$beng$cUk$erda
=222  \0$aInsights for impact$b(Print)
=245  00$aInsights for impact.
=263  \\$a201703
=264  \1$aCambridge :$bPolicy Research Group, University of Cambridge
=310  \\$aAnnual
=336  \\$atext$2rdacontent
=337  \\$aunmediated$2rdamedia
=338  \\$avolume$2rdacarrier
=985  \\$aISSN UK Centre note: see also online version (ISSN 2398-8940), please add 776 to both records on completion.
=985  \\$aLDO SERIALS - PLEASE PASS ALL ITEMS RECEIVED TO ISSN UK CENTRE.
=CAT  \\$a10973$b40$c20160823$lBLL01$h1127
=CAT  \\$a10973$b40$c20161116$lBLL01$h1337
=FMT  \\$a  SE
=LAS  \\$a10973$b40$c20161116$lBLL01$h1337
=LET  \0$aInsights for impact (Print)

