=LDR  00729 as a22002658i 4500
=001  017990849
=003  Uk
=005  20161017152838.0
=007  ta
=008  160830c20179999enkqr\p\\\\\\\0\\\a0eng\\
=022  0\$a2398-9475$202
=040  \\$aUk$beng$cUk$erda
=222  \0$aMentor$b(Qualify)
=245  00$aMentor.
=263  \\$a201701
=264  \1$aLondon :$bProgressive Content
=310  \\$aQuarterly
=336  \\$atext$2rdacontent
=337  \\$aunmediated$2rdamedia
=338  \\$avolume$2rdacarrier
=985  \\$aLDO SERIALS - PLEASE PASS ALL ITEMS RECEIVED TO ISSN UK CENTRE.
=CAT  \\$a11313$b40$c20160830$lBLL01$h1517
=CAT  \\$a11130$b40$c20161017$lBLL01$h1528
=FMT  \\$a  SE
=LAS  \\$a11130$b40$c20161017$lBLL01$h1528

