=LDR  00712 as a22002538i 4500
=001  017998088
=003  Uk
=005  20160905103525.0
=007  ta
=008  160905c20169999enkar\p\\\\\\\0\\\a0eng\\
=022  0\$a2398-9521$202
=040  \\$aUk$beng$cUk$erda
=222  \0$aSuperstars poster series
=245  00$aSuperstars poster series.
=263  \\$a201609
=264  \1$aLondon :$bAdvantage Media Solutions Ltd
=310  \\$aAnnual
=336  \\$atext$2rdacontent
=337  \\$aunmediated$2rdamedia
=338  \\$avolume$2rdacarrier
=985  \\$aLDO SERIALS - PLEASE PASS ALL ITEMS RECEIVED TO ISSN UK CENTRE.
=CAT  \\$a11313$b40$c20160905$lBLL01$h1035
=FMT  \\$a  SE
=LAS  \\$a11313$b40$c20160905$lBLL01$h1035

