=LDR  00877 as a22002778i 4500
=001  017998532
=003  Uk
=005  20160906103006.0
=007  ta
=008  160906c20169999wlkqr\p\\\\\\\0\\\a0eng\\
=022  0\$a2399-1224$202
=040  \\$aUk$beng$cUk$erda
=222  \0$aBritish-Chinese medical journal$b(Print)
=245  00$aBritish-Chinese medical journal.
=263  \\$a201610
=264  \1$aSwansea :$bUK-China Medical Association
=310  \\$aQuarterly
=336  \\$atext$2rdacontent
=337  \\$aunmediated$2rdamedia
=338  \\$avolume$2rdacarrier
=776  08$iAlso issued online as:$tBritish-Chinese medical journal$x2399-1232
=985  \\$aLDO SERIALS - PLEASE PASS ALL ITEMS RECEIVED TO ISSN UK CENTRE.
=CAT  \\$a10806$b40$c20160906$lBLL01$h1030
=FMT  \\$a  SE
=LAS  \\$a10806$b40$c20160906$lBLL01$h1030
=LET  \0$aBritish-Chinese medical journal (Print)

