=LDR  00846 as a22002658i 4500
=001  017998620
=003  Uk
=005  20160906134320.0
=007  ta
=008  160906c20169999enkbr\p\\\\\\\0\\\a0eng\\
=022  0\$a2398-9564$202
=040  \\$aUk$beng$cUk$erda
=222  \0$aLandlust spirit of the countryside
=245  00$aLandlust spirit of the countryside.
=263  \\$a201611
=264  \1$aCudham :$bKelsey Publishing Group
=310  \\$aBimonthly
=336  \\$atext$2rdacontent
=337  \\$aunmediated$2rdamedia
=338  \\$avolume$2rdacarrier
=985  \\$aISSN UK Centre note: C/T from 'Landlust', but please see file for further info. ISSN UK, 06.09.2016.
=985  \\$aLDO SERIALS - PLEASE PASS ALL ITEMS RECEIVED TO ISSN UK CENTRE.
=CAT  \\$a11313$b40$c20160906$lBLL01$h1343
=FMT  \\$a  SE
=LAS  \\$a11313$b40$c20160906$lBLL01$h1343

