=LDR  00739 as a22002658i 4500
=001  018003644
=003  Uk
=005  20170303141447.0
=007  ta
=008  160907c20189999enkwr\p\\\\\\\0\\\a0eng\\
=022  0\$a2399-1364$202
=040  \\$aUk$beng$cUk$erda
=222  \0$aSimple stylish crochet
=245  00$aSimple stylish crochet.
=263  \\$a201801
=264  \1$aLondon :$bDe Agostini
=310  \\$aWeekly
=336  \\$atext$2rdacontent
=337  \\$aunmediated$2rdamedia
=338  \\$avolume$2rdacarrier
=985  \\$aLDO SERIALS - PLEASE PASS ALL ITEMS RECEIVED TO ISSN UK CENTRE.
=CAT  \\$a10973$b40$c20160907$lBLL01$h1345
=CAT  \\$a11130$b40$c20170303$lBLL01$h1414
=FMT  \\$a  SE
=LAS  \\$a11130$b40$c20170303$lBLL01$h1414

