=LDR  00799 as a22002778i 4500
=001  018008545
=003  Uk
=005  20160913155534.0
=007  ta
=008  160913c20169999enkmr\p\\\\\\\0\\\a0eng\\
=022  0\$a2399-1720$202
=040  \\$aUk$beng$cUk$erda
=222  \0$aWelcome to London$b(Qualify)
=245  00$aWelcome to London.
=263  \\$a201610
=264  \1$aLondon :$bKXU Media Limited
=310  \\$aMonthly
=336  \\$atext$2rdacontent
=337  \\$aunmediated$2rdamedia
=338  \\$avolume$2rdacarrier
=985  \\$aLDO SERIALS - PLEASE PASS ALL ITEMS RECEIVED TO ISSN UK CENTRE.
=CAT  \\$a10806$b40$c20160913$lBLL01$h1547
=CAT  \\$a10806$b40$c20160913$lBLL01$h1555
=FMT  \\$a  SE
=LAS  \\$a10806$b40$c20160913$lBLL01$h1555
=LET  \0$aWelcome to London (English edition)

