=LDR  00754 as a22002658i 4500
=001  018008548
=003  Uk
=005  20160913155421.0
=007  ta
=008  160913c20169999enkmr\p\\\\\\\0\\\e0chi\\
=022  0\$a2399-1739$202
=040  \\$aUk$beng$cUk$erda
=222  \0$aWelcome to London$b(Chinese ed.)
=245  00$aWelcome to London.
=263  \\$a201610
=264  \1$aLondon :$bKXU Media Limited
=310  \\$aMonthly
=336  \\$atext$2rdacontent
=337  \\$aunmediated$2rdamedia
=338  \\$avolume$2rdacarrier
=985  \\$aLDO SERIALS - PLEASE PASS ALL ITEMS RECEIVED TO ISSN UK CENTRE.
=CAT  \\$a10806$b40$c20160913$lBLL01$h1554
=FMT  \\$a  SE
=LAS  \\$a10806$b40$c20160913$lBLL01$h1554
=LET  \0$aWelcome to London (Chinese edition)

