=LDR  00678 as a22002538i 4500
=001  018012333
=003  Uk
=005  20160916122155.0
=007  ta
=008  160916c20169999enkfr\p\\\\\\\0\\\a0eng\\
=022  0\$a2399-1941$202
=040  \\$aUk$beng$cUk$erda
=222  \0$aUs of America
=245  00$aUs of America.
=263  \\$a201611
=264  \1$aLondon :$bUs Of America
=310  \\$aSemiannual
=336  \\$atext$2rdacontent
=337  \\$aunmediated$2rdamedia
=338  \\$avolume$2rdacarrier
=985  \\$aLDO SERIALS - PLEASE PASS ALL ITEMS RECEIVED TO ISSN UK CENTRE.
=CAT  \\$a10973$b40$c20160916$lBLL01$h1221
=FMT  \\$a  SE
=LAS  \\$a10973$b40$c20160916$lBLL01$h1221

