=LDR  00940 as a22002898i 4500
=001  018019353
=003  Uk
=005  20160921165348.0
=007  ta
=008  160921c20179999enkar\p\\\\\\\0\\\a0eng\\
=022  0\$a2399-1801$202
=040  \\$aUk$beng$cUk$erda
=222  \0$aGood homes magazine bookazine
=245  00$aGood homes magazine bookazine.
=263  \\$a201702
=264  \1$aLoughton, Essex :$bMedia 10 Ltd
=310  \\$aAnnual
=336  \\$atext$2rdacontent
=337  \\$aunmediated$2rdamedia
=338  \\$avolume$2rdacarrier
=985  \\$aISSN Centre note: Related to: Good homes (ISSN) 1461-5231. Please add reciprocal 787 fields on completion.
=985  \\$aLDO SERIALS - PLEASE PASS ALL ITEMS RECEIVED TO ISSN UK CENTRE.
=CAT  \\$a11205$b40$c20160921$lBLL01$h1652
=CAT  \\$a11205$b40$c20160921$lBLL01$h1653
=FMT  \\$a  SE
=LAS  \\$a11205$b40$c20160921$lBLL01$h1653
=LET  \0$aGood homes magazine bookazine (Print)

