=LDR  00688 as a22002538i 4500
=001  018020909
=003  Uk
=005  20160923155642.0
=007  ta
=008  160923c20179999enkar\p\\\\\\\0\\\a0eng\\
=022  0\$a2399-3596$202
=040  \\$aUk$beng$cUk$erda
=222  \0$aLuxury by Calibre
=245  00$aLuxury by Calibre.
=263  \\$a201701
=264  \1$aLondon :$bHurst Media Company
=310  \\$aAnnual
=336  \\$atext$2rdacontent
=337  \\$aunmediated$2rdamedia
=338  \\$avolume$2rdacarrier
=985  \\$aLDO SERIALS - PLEASE PASS ALL ITEMS RECEIVED TO ISSN UK CENTRE.
=CAT  \\$a10973$b40$c20160923$lBLL01$h1556
=FMT  \\$a  SE
=LAS  \\$a10973$b40$c20160923$lBLL01$h1556

