=LDR  00675 as a22002538i 4500
=001  018022459
=003  Uk
=005  20160927142611.0
=007  ta
=008  160927c20169999enkfr\p\\\\\\\0\\\a0eng\\
=022  0\$a2399-360X$202
=040  \\$aUk$beng$cUk$erda
=222  \0$aZine$b(Qualify)
=245  00$aZine.
=263  \\$a201610
=264  \1$aTeddington :$bA. Stainforth
=310  \\$aSemiannual
=336  \\$atext$2rdacontent
=337  \\$aunmediated$2rdamedia
=338  \\$avolume$2rdacarrier
=985  \\$aLDO SERIALS - PLEASE PASS ALL ITEMS RECEIVED TO ISSN UK CENTRE.
=CAT  \\$a10806$b40$c20160927$lBLL01$h1426
=FMT  \\$a  SE
=LAS  \\$a10806$b40$c20160927$lBLL01$h1426

