=LDR  00815 as a22003018i 4500
=001  018027435
=003  Uk
=005  20160929143514.0
=007  ta
=008  160929c20179999enkqr\p\\\\\\\0\\\a0eng\\
=022  0\$a2399-4363$202
=040  \\$aUk$beng$cUk$erda
=222  \0$aBQ$b(South East ed.)
=245  00$aBQ.
=246  3\$aBusiness quarter
=246  13$aBusiness quarter South East
=250  \\$aSouth East edition.
=263  \\$a201703
=264  \1$aSeaham :$bBQ
=310  \\$aQuarterly
=336  \\$atext$2rdacontent
=337  \\$aunmediated$2rdamedia
=338  \\$avolume$2rdacarrier
=985  \\$aLDO SERIALS - PLEASE PASS ALL ITEMS RECEIVED TO ISSN UK CENTRE.
=CAT  \\$a11205$b40$c20160929$lBLL01$h1435
=FMT  \\$a  SE
=LAS  \\$a11205$b40$c20160929$lBLL01$h1435
=LET  \0$aBQ (South East edition)

