=LDR  00679 as a22002538i 4500
=001  018027497
=003  Uk
=005  20160929172045.0
=007  ta
=008  160929c20179999enkwr\p\\\\\\\0\\\a0eng\\
=022  0\$a2399-4371$202
=040  \\$aUk$beng$cUk$erda
=222  \0$aMonster truck
=245  00$aMonster truck.
=263  \\$a201702
=264  \1$aLondon :$bHachette Partworks
=310  \\$aWeekly
=336  \\$atext$2rdacontent
=337  \\$aunmediated$2rdamedia
=338  \\$avolume$2rdacarrier
=985  \\$aLDO SERIALS - PLEASE PASS ALL ITEMS RECEIVED TO ISSN UK CENTRE.
=CAT  \\$a11205$b40$c20160929$lBLL01$h1720
=FMT  \\$a  SE
=LAS  \\$a11205$b40$c20160929$lBLL01$h1720

