=LDR  00683 as a22002538i 4500
=001  018036471
=003  Uk
=005  20161004124927.0
=007  ta
=008  161004c20169999enkmr\p\\\\\\\0\\\a0eng\\
=022  0\$a2399-4665$202
=040  \\$aUk$beng$cUk$erda
=222  \4$aThe Lichfield buzz
=245  04$aThe Lichfield buzz.
=263  \\$a201611
=264  \1$aLichfield :$bM. Shone
=310  \\$aMonthly
=336  \\$atext$2rdacontent
=337  \\$aunmediated$2rdamedia
=338  \\$avolume$2rdacarrier
=985  \\$aLDO SERIALS - PLEASE PASS ALL ITEMS RECEIVED TO ISSN UK CENTRE.
=CAT  \\$a11313$b40$c20161004$lBLL01$h1249
=FMT  \\$a  SE
=LAS  \\$a11313$b40$c20161004$lBLL01$h1249

