=LDR  00761 as a22002658i 4500
=001  018049106
=003  Uk
=005  20170207110041.0
=007  ta
=008  161007c20179999nikar\p\\\\\\\0\\\a0eng\\
=022  0\$a2399-469X$202
=040  \\$aUk$beng$cUk$erda
=222  \0$aTotal football$b(Belfast. 2016)
=245  00$aTotal football.
=263  \\$a201711
=264  \1$aBelfast :$bProfile Publishing & Design Ltd
=310  \\$aAnnual
=336  \\$atext$2rdacontent
=337  \\$aunmediated$2rdamedia
=338  \\$avolume$2rdacarrier
=985  \\$aLDO SERIALS - PLEASE PASS ALL ITEMS RECEIVED TO ISSN UK CENTRE.
=CAT  \\$a11313$b40$c20161007$lBLL01$h0749
=CAT  \\$a11130$b40$c20170207$lBLL01$h1100
=FMT  \\$a  SE
=LAS  \\$a11130$b40$c20170207$lBLL01$h1100

