=LDR  00666 as a22002538i 4500
=001  018069845
=003  Uk
=005  20161019111015.0
=007  ta
=008  161019c20169999enkfr\p\\\\\\\0\\\a0eng\\
=022  0\$a2399-4851$202
=040  \\$aUk$beng$cUk$erda
=222  \0$aUncinched
=245  00$aUncinched.
=263  \\$a201611
=264  \1$aLondon :$bS. Zaicew
=310  \\$aSemiannual
=336  \\$atext$2rdacontent
=337  \\$aunmediated$2rdamedia
=338  \\$avolume$2rdacarrier
=985  \\$aLDO SERIALS - PLEASE PASS ALL ITEMS RECEIVED TO ISSN UK CENTRE.
=CAT  \\$a10973$b40$c20161019$lBLL01$h1110
=FMT  \\$a  SE
=LAS  \\$a10973$b40$c20161019$lBLL01$h1110

