=LDR  00680 as a22002538i 4500
=001  018070008
=003  Uk
=005  20161019141405.0
=007  ta
=008  161019c20179999enker\p\\\\\\\0\\\a0eng\\
=022  0\$a2399-5378$202
=040  \\$aUk$beng$cUk$erda
=222  \0$aSupercars$b(Qualify)
=245  00$aSupercars.
=263  \\$a201703
=264  \1$aLondon :$bDe Agostini
=310  \\$aFortnightly
=336  \\$atext$2rdacontent
=337  \\$aunmediated$2rdamedia
=338  \\$avolume$2rdacarrier
=985  \\$aLDO SERIALS - PLEASE PASS ALL ITEMS RECEIVED TO ISSN UK CENTRE.
=CAT  \\$a10973$b40$c20161019$lBLL01$h1414
=FMT  \\$a  SE
=LAS  \\$a10973$b40$c20161019$lBLL01$h1414

