=LDR  00769 as a22002778i 4500
=001  018076573
=003  Uk
=005  20180228120527.0
=007  ta
=008  161026c20189999enkwr\p\\\\\\\0\\\a0eng\\
=022  0\$a2399-5122$202
=040  \\$aUk$beng$cUk$erda
=222  \0$aCuddle buddies
=245  00$aCuddle buddies.
=263  \\$a201803
=264  \1$aLondon :$bDe Agostini UK Ltd
=310  \\$aWeekly
=336  \\$atext$2rdacontent
=337  \\$aunmediated$2rdamedia
=338  \\$avolume$2rdacarrier
=985  \\$aLDO SERIALS - PLEASE PASS ALL ITEMS RECEIVED TO ISSN UK CENTRE.
=CAT  \\$a11205$b40$c20161026$lBLL01$h0938
=CAT  \\$a11205$b40$c20180228$lBLL01$h1205
=FMT  \\$a  SE
=LAS  \\$a11205$b40$c20180228$lBLL01$h1205
=LET  \0$aCuddle buddies (Print)

