=LDR  00849 as a22002778i 4500
=001  018076776
=003  Uk
=005  20161026134353.0
=007  ta
=008  161026c20179999wlkmr\p\\\\\\\0\\\a0eng\\
=022  0\$a2399-5157$202
=040  \\$aUk$beng$cUk$erda
=222  \0$aFight-scene
=245  00$aFight-scene.
=263  \\$a201702
=264  \1$aNewbridge :$bRachel Bowes
=310  \\$aMonthly
=336  \\$atext$2rdacontent
=337  \\$aunmediated$2rdamedia
=338  \\$avolume$2rdacarrier
=985  \\$aISSN Centre note: C/T from: Boxing bocsio, ISSN 2399-4614, system no. 018036257. Please add 78X fields & LKR on completion.
=985  \\$aLDO SERIALS - PLEASE PASS ALL ITEMS RECEIVED TO ISSN UK CENTRE.
=CAT  \\$a11205$b40$c20161026$lBLL01$h1343
=FMT  \\$a  SE
=LAS  \\$a11205$b40$c20161026$lBLL01$h1343
=LET  \0$aFight-scene (Print)

