=LDR  00796 as a22002778i 4500
=001  018076886
=003  Uk
=005  20161026160021.0
=007  ta
=008  161026c20169999enkqr\p\\\\\\\0\\\a0eng\\
=022  0\$a2399-5181$202
=040  \\$aUk$beng$cUk$erda
=222  \0$aWWE poster series
=245  00$aWWE poster series.
=246  3\$aWorld Wrestling Entertainment poster series
=263  \\$a201612
=264  \1$aLondon :$bMillcrest Distribution
=310  \\$aQuarterly
=336  \\$atext$2rdacontent
=337  \\$aunmediated$2rdamedia
=338  \\$avolume$2rdacarrier
=985  \\$aLDO SERIALS - PLEASE PASS ALL ITEMS RECEIVED TO ISSN UK CENTRE.
=CAT  \\$a11205$b40$c20161026$lBLL01$h1600
=FMT  \\$a  SE
=LAS  \\$a11205$b40$c20161026$lBLL01$h1600
=LET  \0$aWWE poster series (Print)

