=LDR  00785 as a22002778i 4500
=001  018076907
=003  Uk
=005  20161104100249.0
=007  ta
=008  161026c20169999enkar\p\\\\\\\0\\\a0eng\\
=022  0\$a2399-5246$202
=040  \\$aUk$beng$cUk$erda
=222  \0$aCredit$b(Qualify. 2016)
=245  00$aCredit.
=263  \\$a201612
=264  \1$aLondon :$bCreative Research and Development Limited
=310  \\$aAnnual
=336  \\$atext$2rdacontent
=337  \\$aunmediated$2rdamedia
=338  \\$avolume$2rdacarrier
=985  \\$aLDO SERIALS - PLEASE PASS ALL ITEMS RECEIVED TO ISSN UK CENTRE.
=CAT  \\$a11205$b40$c20161026$lBLL01$h1653
=CAT  \\$a10973$b40$c20161104$lBLL01$h1002
=FMT  \\$a  SE
=LAS  \\$a10973$b40$c20161104$lBLL01$h1002
=LET  \0$aCredit (Print)

