=LDR  00743 as a22002658i 4500
=001  018077622
=003  Uk
=005  20161027111558.0
=007  ta
=008  161027c20169999enkmr\p\\\\\\\0\\\a0eng\\
=022  0\$a2399-522X$202
=040  \\$aUk$beng$cUk$erda
=222  \0$aPocket picture logic
=245  00$aPocket picture logic.
=263  \\$a201612
=264  \1$aLondon :$bEye to Eye Puzzles Ltd
=310  \\$aMonthly
=336  \\$atext$2rdacontent
=337  \\$aunmediated$2rdamedia
=338  \\$avolume$2rdacarrier
=985  \\$aLDO SERIALS - PLEASE PASS ALL ITEMS RECEIVED TO ISSN UK CENTRE.
=CAT  \\$a11205$b40$c20161027$lBLL01$h1115
=FMT  \\$a  SE
=LAS  \\$a11205$b40$c20161027$lBLL01$h1115
=LET  \0$aPocket picture logic (Print)

