=LDR  00691 as a22002538i 4500
=001  018083199
=003  Uk
=005  20161101140339.0
=007  ta
=008  161101c20179999enkwr\p\\\\\\\0\\\a0eng\\
=022  0\$a2399-5505$202
=040  \\$aUk$beng$cUk$erda
=222  \0$aHexagon patchwork
=245  00$aHexagon patchwork.
=263  \\$a201702
=264  \1$aLondon :$bHachette Partworks Ltd
=310  \\$aWeekly
=336  \\$atext$2rdacontent
=337  \\$aunmediated$2rdamedia
=338  \\$avolume$2rdacarrier
=985  \\$aLDO SERIALS - PLEASE PASS ALL ITEMS RECEIVED TO ISSN UK CENTRE.
=CAT  \\$a11313$b40$c20161101$lBLL01$h1403
=FMT  \\$a  SE
=LAS  \\$a11313$b40$c20161101$lBLL01$h1403

