=LDR  00842 as a22002778i 4500
=001  018084992
=003  Uk
=005  20161102132848.0
=007  ta
=008  161102c20179999enkqr\p\\\\\\\0\\\a0eng\\
=022  0\$a2399-6374$202
=040  \\$aUk$beng$cUk$erda
=222  \4$aThe reprobate
=245  04$aThe reprobate.
=263  \\$a201701
=264  \1$aLondon :$bReprobate Publications
=310  \\$aQuarterly
=336  \\$atext$2rdacontent
=337  \\$aunmediated$2rdamedia
=338  \\$avolume$2rdacarrier
=985  \\$aIf 776 field required add in {dollar}i Also issued online as: [Please delete this 985 field if not required]
=985  \\$aLDO SERIALS - PLEASE PASS ALL ITEMS RECEIVED TO ISSN UK CENTRE.
=CAT  \\$a11205$b40$c20161102$lBLL01$h1328
=FMT  \\$a  SE
=LAS  \\$a11205$b40$c20161102$lBLL01$h1328
=LET  \4$aThe reprobate (Print)

