=LDR  00945 as a22002898i 4500
=001  018085028
=003  Uk
=005  20170420152408.0
=007  ta
=008  161102c20169999enkqr\p\\\\\\\0\\\a0eng\\
=022  0\$a2399-6382$202
=040  \\$aUk$beng$cUk$erda
=222  \0$aPeppa Pig poster series special
=245  00$aPeppa Pig poster series special.
=263  \\$a201709
=264  \1$aLondon :$bMillcrest Distribution
=310  \\$aQuarterly
=336  \\$atext$2rdacontent
=337  \\$aunmediated$2rdamedia
=338  \\$avolume$2rdacarrier
=985  \\$aIf 776 field required add in {dollar}i Also issued online as: [Please delete this 985 field if not required]
=985  \\$aLDO SERIALS - PLEASE PASS ALL ITEMS RECEIVED TO ISSN UK CENTRE.
=CAT  \\$a11205$b40$c20161102$lBLL01$h1406
=CAT  \\$a10973$b40$c20170420$lBLL01$h1524
=FMT  \\$a  SE
=LAS  \\$a10973$b40$c20170420$lBLL01$h1524
=LET  \0$aPeppa Pig poster series special (Print)

