=LDR  00771 as a22002658i 4500
=001  018085031
=003  Uk
=005  20170406140210.0
=007  ta
=008  161102c20169999enkqr\p\\\\\\\0\\\a0eng\\
=022  0\$a2399-6412$202
=040  \\$aUk$beng$cUk$erda
=222  \0$aMinecraft poster series special
=245  00$aMinecraft poster series special.
=263  \\$a201707
=264  \1$aLondon :$bMillcrest Distribution
=310  \\$aQuarterly
=336  \\$atext$2rdacontent
=337  \\$aunmediated$2rdamedia
=338  \\$avolume$2rdacarrier
=985  \\$aLDO SERIALS - PLEASE PASS ALL ITEMS RECEIVED TO ISSN UK CENTRE.
=CAT  \\$a11205$b40$c20161102$lBLL01$h1406
=CAT  \\$a10973$b40$c20170406$lBLL01$h1402
=FMT  \\$a  SE
=LAS  \\$a10973$b40$c20170406$lBLL01$h1402

