=LDR  00716 as a22002658i 4500
=001  018085136
=003  Uk
=005  20161102155326.0
=007  ta
=008  161102c20169999enkqr\p\\\\\\\0\\\a0eng\\
=022  0\$a2399-6471$202
=040  \\$aUk$beng$cUk$erda
=222  \0$aKings of Anglia
=245  00$aKings of Anglia.
=263  \\$a201611
=264  \1$aNorwich :$bArchant
=310  \\$aQuarterly
=336  \\$atext$2rdacontent
=337  \\$aunmediated$2rdamedia
=338  \\$avolume$2rdacarrier
=985  \\$aLDO SERIALS - PLEASE PASS ALL ITEMS RECEIVED TO ISSN UK CENTRE.
=CAT  \\$a11205$b40$c20161102$lBLL01$h1553
=FMT  \\$a  SE
=LAS  \\$a11205$b40$c20161102$lBLL01$h1553
=LET  \0$aKings of Anglia (Print)

