=LDR  00698 as a22002538i 4500
=001  018087202
=003  Uk
=005  20161104133714.0
=007  ta
=008  161104c20169999enkar\p\\\\\\\0\\\a0eng\\
=022  0\$a2399-2972$202
=040  \\$aUk$beng$cUk$erda
=222  \0$aStars of football
=245  00$aStars of football.
=263  \\$a201612
=264  \1$aLondon :$bAdvantage Media Solutions Ltd
=310  \\$aAnnual
=336  \\$atext$2rdacontent
=337  \\$aunmediated$2rdamedia
=338  \\$avolume$2rdacarrier
=985  \\$aLDO SERIALS - PLEASE PASS ALL ITEMS RECEIVED TO ISSN UK CENTRE.
=CAT  \\$a10973$b40$c20161104$lBLL01$h1337
=FMT  \\$a  SE
=LAS  \\$a10973$b40$c20161104$lBLL01$h1337

