=LDR  00712 as a22002538i 4500
=001  018087267
=003  Uk
=005  20161104151108.0
=007  ta
=008  161104c20169999enkfr\p\\\\\\\0\\\a0eng\\
=022  0\$a2399-3006$202
=040  \\$aUk$beng$cUk$erda
=222  \0$aWildlife poster series
=245  00$aWildlife poster series.
=263  \\$a201611
=264  \1$aLondon :$bAdvantage Media Solutions Ltd
=310  \\$aSemiannual
=336  \\$atext$2rdacontent
=337  \\$aunmediated$2rdamedia
=338  \\$avolume$2rdacarrier
=985  \\$aLDO SERIALS - PLEASE PASS ALL ITEMS RECEIVED TO ISSN UK CENTRE.
=CAT  \\$a10973$b40$c20161104$lBLL01$h1511
=FMT  \\$a  SE
=LAS  \\$a10973$b40$c20161104$lBLL01$h1511

