=LDR  00737 as a22002658i 4500
=001  018097349
=003  Uk
=005  20161109161712.0
=007  ta
=008  161109c20179999enker\p\\\\\\\0\\\a0eng\\
=022  0\$a2399-6609$202
=040  \\$aUk$beng$cUk$erda
=222  \0$aCrystals and stones
=245  00$aCrystals and stones.
=263  \\$a201702
=264  \1$aLondon :$bHachette Partworks
=310  \\$aBiweekly
=336  \\$atext$2rdacontent
=337  \\$aunmediated$2rdamedia
=338  \\$avolume$2rdacarrier
=985  \\$aLDO SERIALS - PLEASE PASS ALL ITEMS RECEIVED TO ISSN UK CENTRE.
=CAT  \\$a11205$b40$c20161109$lBLL01$h1617
=FMT  \\$a  SE
=LAS  \\$a11205$b40$c20161109$lBLL01$h1617
=LET  \0$aCrystals and stones (Print)

