=LDR  00740 as a22002658i 4500
=001  018107181
=003  Uk
=005  20161117153830.0
=007  ta
=008  161117c20169999enkar\p\\\\\\\0\\\a0eng\\
=022  0\$a2399-6811$202
=040  \\$aUk$beng$cUk$erda
=222  \0$aHorror classics
=245  00$aHorror classics.
=263  \\$a201612
=264  \1$aSutton, Surrey :$bGhoulish Publishing Limited
=310  \\$aAnnual
=336  \\$atext$2rdacontent
=337  \\$aunmediated$2rdamedia
=338  \\$avolume$2rdacarrier
=985  \\$aLDO SERIALS - PLEASE PASS ALL ITEMS RECEIVED TO ISSN UK CENTRE.
=CAT  \\$a11205$b40$c20161117$lBLL01$h1538
=FMT  \\$a  SE
=LAS  \\$a11205$b40$c20161117$lBLL01$h1538
=LET  \0$aHorror classics (Print)

