=LDR  00697 as a22002538i 4500
=001  018107785
=003  Uk
=005  20161118171328.0
=007  ta
=008  161118c20179999enkwr\p\\\\\\\0\\\a0eng\\
=022  0\$a2399-6900$202
=040  \\$aUk$beng$cUk$erda
=222  \0$aStar Wars chess course
=245  00$aStar Wars chess course.
=263  \\$a201703
=264  \1$aLondon :$bDe Agostini UK Ltd
=310  \\$aWeekly
=336  \\$atext$2rdacontent
=337  \\$aunmediated$2rdamedia
=338  \\$avolume$2rdacarrier
=985  \\$aLDO SERIALS - PLEASE PASS ALL ITEMS RECEIVED TO ISSN UK CENTRE.
=CAT  \\$a10973$b40$c20161118$lBLL01$h1713
=FMT  \\$a  SE
=LAS  \\$a10973$b40$c20161118$lBLL01$h1713

