=LDR  00731 as a22002538i 4500
=001  018117889
=003  Uk
=005  20161125105827.0
=007  ta
=008  161125c20169999enkar\p\\\\\\\0\\\a0eng\\
=022  0\$a2399-6943$202
=040  \\$aUk$beng$cUk$erda
=222  \0$aLooking back at Durham City
=245  00$aLooking back at Durham City.
=263  \\$a201612
=264  \1$aDarlington :$bNewsquest (Yorkshire & North East) Ltd
=310  \\$aAnnual
=336  \\$atext$2rdacontent
=337  \\$aunmediated$2rdamedia
=338  \\$avolume$2rdacarrier
=985  \\$aLDO SERIALS - PLEASE PASS ALL ITEMS RECEIVED TO ISSN UK CENTRE.
=CAT  \\$a10973$b40$c20161125$lBLL01$h1058
=FMT  \\$a  SE
=LAS  \\$a10973$b40$c20161125$lBLL01$h1058

