=LDR  00787 as a22002778i 4500
=001  018118164
=003  Uk
=005  20170504094403.0
=007  ta
=008  161125c20179999enkmr\p\\\\\\\0\\\a0eng\\
=022  0\$a2399-696X$202
=040  \\$aUk$beng$cUk$erda
=222  \0$aAwe magazine$b(Qualify)
=245  00$aAwe magazine
=246  3\$aAll women everywhere magazine
=263  \\$a201710
=264  \1$aLondon :$bJingks Productions Ltd
=310  \\$aMonthly
=336  \\$atext$2rdacontent
=337  \\$aunmediated$2rdamedia
=338  \\$avolume$2rdacarrier
=985  \\$aLDO SERIALS - PLEASE PASS ALL ITEMS RECEIVED TO ISSN UK CENTRE.
=CAT  \\$a10973$b40$c20161125$lBLL01$h1704
=CAT  \\$a11130$b40$c20170504$lBLL01$h0944
=FMT  \\$a  SE
=LAS  \\$a11130$b40$c20170504$lBLL01$h0944

