=LDR  00700 as a22002538i 4500
=001  018119903
=003  Uk
=005  20161128145620.0
=007  ta
=008  161128c20169999enktr\p\\\\\\\0\\\a0eng\\
=022  0\$a2399-7036$202
=040  \\$aUk$beng$cUk$erda
=222  \4$aThe native$b(Qualify)
=245  04$aThe native.
=263  \\$a201612
=264  \1$aLondon :$bNative Magazine Media
=310  \\$aThree issues yearly
=336  \\$atext$2rdacontent
=337  \\$aunmediated$2rdamedia
=338  \\$avolume$2rdacarrier
=985  \\$aLDO SERIALS - PLEASE PASS ALL ITEMS RECEIVED TO ISSN UK CENTRE.
=CAT  \\$a11313$b40$c20161128$lBLL01$h1456
=FMT  \\$a  SE
=LAS  \\$a11313$b40$c20161128$lBLL01$h1456

