=LDR  00710 as a22002538i 4500
=001  018129436
=003  Uk
=005  20161205093122.0
=007  ta
=008  161205c20179999enker\p\\\\\\\0\\\a0eng\\
=022  0\$a2399-7753$202
=040  \\$aUk$beng$cUk$erda
=222  \4$aThe vintage car collection
=245  04$aThe vintage car collection.
=263  \\$a201702
=264  \1$aLondon :$bHachette Partworks
=310  \\$aFortnightly
=336  \\$atext$2rdacontent
=337  \\$aunmediated$2rdamedia
=338  \\$avolume$2rdacarrier
=985  \\$aLDO SERIALS - PLEASE PASS ALL ITEMS RECEIVED TO ISSN UK CENTRE.
=CAT  \\$a11313$b40$c20161205$lBLL01$h0931
=FMT  \\$a  SE
=LAS  \\$a11313$b40$c20161205$lBLL01$h0931

