=LDR  00769 as a22002658i 4500
=001  018135370
=003  Uk
=005  20161207085838.0
=007  ta
=008  161207c20169999enkqr\p\\\\\\\0\\\a0eng\\
=022  0\$a2399-8105$202
=040  \\$aUk$beng$cUk$erda
=222  \0$aBatman poster series special
=245  00$aBatman poster series special.
=263  \\$a201612
=264  \1$aLondon :$bMillcrest Distribution
=310  \\$aQuarterly
=336  \\$atext$2rdacontent
=337  \\$aunmediated$2rdamedia
=338  \\$avolume$2rdacarrier
=985  \\$aLDO SERIALS - PLEASE PASS ALL ITEMS RECEIVED TO ISSN UK CENTRE.
=CAT  \\$a11205$b40$c20161207$lBLL01$h0858
=FMT  \\$a  SE
=LAS  \\$a11205$b40$c20161207$lBLL01$h0858
=LET  \0$aBatman poster series special (Print)

