=LDR  00695 as a22002538i 4500
=001  018136175
=003  Uk
=005  20161208123317.0
=007  ta
=008  161208c20179999enkwr\p\\\\\\\0\\\a0eng\\
=022  0\$a2399-8423$202
=040  \\$aUk$beng$cUk$erda
=222  \0$aBuild your own X-wing
=245  00$aBuild your own X-wing.
=263  \\$a201703
=264  \1$aLondon :$bDe Agostini UK Ltd
=310  \\$aWeekly
=336  \\$atext$2rdacontent
=337  \\$aunmediated$2rdamedia
=338  \\$avolume$2rdacarrier
=985  \\$aLDO SERIALS - PLEASE PASS ALL ITEMS RECEIVED TO ISSN UK CENTRE.
=CAT  \\$a11313$b40$c20161208$lBLL01$h1233
=FMT  \\$a  SE
=LAS  \\$a11313$b40$c20161208$lBLL01$h1233

