=LDR  00868 as a22002778i 4500
=001  018140296
=003  Uk
=005  20161213110932.0
=007  ta
=008  161213c20179999enkar\p\\\\\\\0\\\a0eng\\
=022  0\$a2399-8970$202
=040  \\$aUk$beng$cUk$erda
=222  \0$aSelfbuilder bookazine
=245  00$aSelfbuilder bookazine.
=263  \\$a201704
=264  \1$aLoughton, Essex :$bMedia 10 Ltd
=310  \\$aAnnual
=336  \\$atext$2rdacontent
=337  \\$aunmediated$2rdamedia
=338  \\$avolume$2rdacarrier
=985  \\$aISSN Centre note: Related to: Selfbuilder (ISSN) 1758-0943. Please add reciprocal 787 fields on completion.
=985  \\$aLDO SERIALS - PLEASE PASS ALL ITEMS RECEIVED TO ISSN UK CENTRE.
=CAT  \\$a11205$b40$c20161213$lBLL01$h1109
=FMT  \\$a  SE
=LAS  \\$a11205$b40$c20161213$lBLL01$h1109
=LET  \0$aSelfbuilder bookazine (Print)

