=LDR  00715 as a22002658i 4500
=001  018140568
=003  Uk
=005  20161213155543.0
=007  ta
=008  161213c20179999enkwr\p\\\\\\\0\\\a0eng\\
=022  0\$a2399-9004$202
=040  \\$aUk$beng$cUk$erda
=222  \0$aThunderbird$b(Qualify)
=245  00$aThunderbird.
=263  \\$a201703
=264  \1$aLondon :$bDe Agostini
=310  \\$aWeekly
=336  \\$atext$2rdacontent
=337  \\$aunmediated$2rdamedia
=338  \\$avolume$2rdacarrier
=985  \\$aLDO SERIALS - PLEASE PASS ALL ITEMS RECEIVED TO ISSN UK CENTRE.
=CAT  \\$a11205$b40$c20161213$lBLL01$h1555
=FMT  \\$a  SE
=LAS  \\$a11205$b40$c20161213$lBLL01$h1555
=LET  \0$aThunderbird (Print)

