=LDR  00742 as a22002658i 4500
=001  018147865
=003  Uk
=005  20161219110651.0
=007  ta
=008  161219c20179999enkwr\p\\\\\\\0\\\a0eng\\
=022  0\$a2399-827X$202
=040  \\$aUk$beng$cUk$erda
=222  \0$aSimple home decorating
=245  00$aSimple home decorating.
=263  \\$a201703
=264  \1$aLondon :$bDe Agostini UK Ltd
=310  \\$aWeekly
=336  \\$atext$2rdacontent
=337  \\$aunmediated$2rdamedia
=338  \\$avolume$2rdacarrier
=985  \\$aLDO SERIALS - PLEASE PASS ALL ITEMS RECEIVED TO ISSN UK CENTRE.
=CAT  \\$a7152$b40$c20161219$lBLL01$h1106
=FMT  \\$a  SE
=LAS  \\$a7152$b40$c20161219$lBLL01$h1106
=LET  \0$aSimple home decorating (Print)

