=LDR  00761 as a22002658i 4500
=001  018149007
=003  Uk
=005  20170310120133.0
=007  ta
=008  161220c20179999enkgr\p\\\\\\\0\\\a0eng\\
=022  0\$a2399-8563$202
=040  \\$aUk$beng$cUk$erda
=222  \0$aDestination Gibraltar
=245  00$aDestination Gibraltar.
=263  \\$a201705
=264  \1$aCastle Acre :$bCompass Publications Limited
=310  \\$aBiennial
=336  \\$atext$2rdacontent
=337  \\$aunmediated$2rdamedia
=338  \\$avolume$2rdacarrier
=985  \\$aLDO SERIALS - PLEASE PASS ALL ITEMS RECEIVED TO ISSN UK CENTRE.
=CAT  \\$a11313$b40$c20161220$lBLL01$h0727
=CAT  \\$a11130$b40$c20170310$lBLL01$h1201
=FMT  \\$a  SE
=LAS  \\$a11130$b40$c20170310$lBLL01$h1201

