=LDR  00836 as a22002778i 4500
=001  018156071
=003  Uk
=005  20161222154712.0
=007  ta
=008  161222c20179999enkqr\p\\\\\\\0\\\a0eng\\
=022  0\$a2399-9659$202
=040  \\$aUk$beng$cUk$erda
=222  \0$aCaribbean world hotels & leisure
=245  00$aCaribbean world hotels & leisure.
=246  3\$aCaribbean world hotels and leisure
=263  \\$a201701
=264  \1$aLondon :$bWorld Travel Media Limited
=310  \\$aQuarterly
=336  \\$atext$2rdacontent
=337  \\$aunmediated$2rdamedia
=338  \\$avolume$2rdacarrier
=985  \\$aLDO SERIALS - PLEASE PASS ALL ITEMS RECEIVED TO ISSN UK CENTRE.
=CAT  \\$a11205$b40$c20161222$lBLL01$h1547
=FMT  \\$a  SE
=LAS  \\$a11205$b40$c20161222$lBLL01$h1547
=LET  \0$aCaribbean world hotels & leisure (Print)

