=LDR  02107cas a22005058i 4500
=001  018159405
=003  Uk
=005  20230210011336.0
=007  ta
=008  161230c20179999enkar\p\\\\\\\0\\\a0eng\\
=022  0\$a2399-9748$202
=040  \\$aUk$beng$cUk$erda
=222  \0$aUKbride
=245  00$aUKbride.
=263  \\$a201701
=264  \1$aBoston, Lincolnshire :$bPride Magazines Ltd
=310  \\$aAnnual
=336  \\$atext$2rdacontent
=337  \\$aunmediated$2rdamedia
=338  \\$avolume$2rdacarrier
=540  \\$aCurrent Copyright Fee: GBP25.00$c0$5Uk
=985  \\$aISSN Centre note: Merger of: UKbride. Lincolnshire and Rutland edition, and: UKbride. London edition. Please consider retrospective assignment of ISSN to these titles and add 78X/LKR fields as appropriate.
=985  \\$aLDO SERIALS - PLEASE PASS ALL ITEMS RECEIVED TO ISSN UK CENTRE.
=ACF  \\$aPrevious Copyright Fee: GBP15.00$c0$e01-jul-2017$fGBP15.00$g0$hC$5Uk
=ACF  \\$aPrevious Copyright Fee: GBP17.50$c0$e01-jan-2018$fGBP17.50$g0$hC$5Uk
=ACF  \\$aPrevious Copyright Fee: GBP20.00$c0$e01-jan-2020$fGBP20.00$g0$hC$5Uk
=ACF  \\$aPrevious Copyright Fee: GBP22.50$c0$e01-jan-2021$fGBP22.50$g0$hC$5Uk
=CAT  \\$a11205$b40$c20161230$lBLL01$h1152
=CAT  \\$aBATCH-CLA$b00$c20170531$lBLL01$h1659
=CAT  \\$aIPL-CLA$c20170630$lBLL01$h1605
=CAT  \\$aBATCH-CLA$b00$c20171130$lBLL01$h1706
=CAT  \\$aIPL-CLA$c20171231$lBLL01$h1833
=CAT  \\$aBATCH-CLA$b00$c20191129$lBLL01$h1617
=CAT  \\$aIPL-CLA$c20191231$lBLL01$h2043
=CAT  \\$aBATCH-CLA$b00$c20201126$lBLL01$h1403
=CAT  \\$aIPL-CLA$c20201231$lBLL01$h2348
=CAT  \\$aBATCH-CLA$b00$c20221130$lBLL01$h1449
=CAT  \\$aIPL-CLA$c20221231$lBLL01$h2339
=CAT  \\$aBATCH-CLA$b00$c20230209$lBLL01$h1535
=CAT  \\$aIPL-CLA$c20230210$lBLL01$h0113
=CFI  0\$aCurrent Copyright Fee: GBP25.00$c0$e09-feb-2023$fGBP25.00$g0$hC$5Uk
=CFI  2\$aBritish Library not licensed to copy$c0$e01-jan-2023$hC$iCFP Excluded$5Uk
=FMT  \\$a  SE
=LAS  \\$aIPL-CLA$b00$c20230210$lBLL01$h0113
=LET  \0$aUKbride (Print)

