=LDR  00943 as a22003018i 4500
=001  018169854
=003  Uk
=005  20180605101618.0
=007  ta
=008  170110c201u9999nikcr\n\\\\\\\0\\\a0eng\\
=022  0\$a2399-9918$202
=040  \\$aUk$beng$cUk$erda
=222  \0$aDerry journal$b(Roe Valley ed.)
=245  00$aDerry journal.
=250  \\$aRoe Valley edition.
=263  \\$a201701
=264  \1$aDerry :$bDerry Journal Newspapers Ltd
=310  \\$aSemiweekly
=336  \\$atext$2rdacontent
=337  \\$aunmediated$2rdamedia
=338  \\$avolume$2rdacarrier
=985  \\$aLDO SERIALS - PLEASE PASS ALL ITEMS RECEIVED TO ISSN UK CENTRE.
=985  \\$aProvisional ISSN record created on basis of scanned cover of December 9, 2016 issue.
=CAT  \\$a10806$b40$c20170110$lBLL01$h1500
=CAT  \\$a8323$b40$c20180605$lBLL01$h1016
=FMT  \\$a  SE
=LAS  \\$a8323$b40$c20180605$lBLL01$h1016
=LET  \0$aDerry Journal Roe Valley Edition

