=LDR  00761 as a22002658i 4500
=001  018174878
=003  Uk
=005  20170111134820.0
=007  ta
=008  170111c20179999enker\p\\\\\\\0\\\a0eng\\
=022  0\$a2399-9969$202
=040  \\$aUk$beng$cUk$erda
=222  \4$aThe Ford classic collection
=245  04$aThe Ford classic collection.
=263  \\$a201703
=264  \1$aLondon :$bDe Agostini UK Ltd
=310  \\$aBiweekly
=336  \\$atext$2rdacontent
=337  \\$aunmediated$2rdamedia
=338  \\$avolume$2rdacarrier
=985  \\$aLDO SERIALS - PLEASE PASS ALL ITEMS RECEIVED TO ISSN UK CENTRE.
=CAT  \\$a11205$b40$c20170111$lBLL01$h1348
=FMT  \\$a  SE
=LAS  \\$a11205$b40$c20170111$lBLL01$h1348
=LET  \4$aThe Ford classic collection (Print)

