=LDR  03553cas a22008058i 4500
=001  018175015
=003  Uk
=005  20220930161732.0
=007  ta
=008  170111c20179999enkqr\p\\\\\\\0\\\a0eng\\
=022  0\$a2513-8502$202
=040  \\$aUk$beng$cUk$erda
=222  \0$aJournal of Chinese writing systems$b(Print)
=245  00$aJournal of Chinese writing systems.
=263  \\$a201706
=264  \1$a[London] :$bSAGE Publishing
=310  \\$aQuarterly
=336  \\$atext$2rdacontent
=337  \\$aunmediated$2rdamedia
=338  \\$avolume$2rdacarrier
=540  \\$aCurrent copyright fee: GBP32.82$c19\0$5Uk
=776  08$iAlso issued online as:$tJournal of Chinese writing systems$x2513-8510
=856  \\$31850-9999$uhttp://www.uk.sagepub.com/home.nav$xBLDSS
=945  \\$aJournal of Chinese writing systems.
=979  \\$aBritish Library$bDSC$j4958.155000N
=985  \\$aLDO SERIALS - PLEASE PASS ALL ITEMS RECEIVED TO ISSN UK CENTRE.
=ACF  \\$aPrevious copyright fee: GBP26.92$c19\0$e01-oct-2017$fGBP26.92$g0$hP$5Uk
=ACF  \\$aPrevious copyright fee: GBP28.00$c19\0$e17-jul-2017$fGBP28.00$g0$hP$5Uk
=ACF  \\$aPrevious copyright fee: GBP27.69$c19\0$e20-feb-2018$fGBP27.69$g0$hP$5Uk
=ACF  \\$aPrevious copyright fee: GBP25.71$c19\0$e01-apr-2018$fGBP25.71$g0$hP$5Uk
=ACF  \\$aPrevious copyright fee: GBP27.69$c19\0$e01-oct-2018$fGBP27.69$g0$hP$5Uk
=ACF  \\$aPrevious copyright fee: GBP29.08$c19\0$e01-jul-2019$fGBP29.08$g0$hP$5Uk
=ACF  \\$aPrevious copyright fee: GBP30.24$c19\0$e01-oct-2019$fGBP30.24$g0$hP$5Uk
=ACF  \\$aPrevious copyright fee: GBP30.29$c19\0$e01-apr-2020$fGBP30.29$g0$hP$5Uk
=ACF  \\$aPrevious copyright fee: GBP31.50$c19\0$e01-jul-2020$fGBP31.50$g0$hP$5Uk
=ACF  \\$aPrevious copyright fee: GBP29.17$c19\0$e01-apr-2021$fGBP29.17$g0$hP$5Uk
=ACF  \\$aPrevious copyright fee: GBP28.13$c19\0$e07-jul-2021$fGBP28.13$g0$hP$5Uk
=CAT  \\$a11205$b40$c20170111$lBLL01$h1557
=CAT  \\$aBLDSS-3PM$b00$c20170724$lBLL01$h1530
=CAT  \\$aBATCH-UPD$b00$c20170724$lBLL01$h1530
=CAT  \\$aBATCH-UPD$b00$c20170904$lBLL01$h1827
=CAT  \\$aIPL-CLA$c20170929$lBLL01$h1814
=CAT  \\$a5552$b40$c20180220$lBLL01$h1201
=CAT  \\$aBATCH-UPD$b40$c20180223$lBLL01$h1652
=CAT  \\$aIPL-CLA$c20180331$lBLL01$h1720
=CAT  \\$aBATCH-UPD$b00$c20180823$lBLL01$h1936
=CAT  \\$aIPL-CLA$c20180930$lBLL01$h1521
=CAT  \\$aBATCH-UPD$b00$c20190521$lBLL01$h1408
=CAT  \\$aIPL-CLA$c20190630$lBLL01$h1549
=CAT  \\$aBATCH-UPD$b00$c20190829$lBLL01$h1517
=CAT  \\$aIPL-CLA$c20190930$lBLL01$h1658
=CAT  \\$aBATCH-UPD$b00$c20200219$lBLL01$h1510
=CAT  \\$aIPL-CLA$c20200331$lBLL01$h1637
=CAT  \\$aBATCH-UPD$b00$c20200522$lBLL01$h1447
=CAT  \\$aIPL-CLA$c20200701$lBLL01$h0123
=CAT  \\$aBATCH-UPD$b00$c20210226$lBLL01$h1029
=CAT  \\$aIPL-CLA$c20210331$lBLL01$h1908
=CAT  \\$aBATCH-UPD$b00$c20210707$lBLL01$h1552
=CAT  \\$aIPL-CLA$c20210707$lBLL01$h2008
=CAT  \\$aBATCH-UPD$b00$c20220520$lBLL01$h1639
=CAT  \\$aIPL-CLA$c20220630$lBLL01$h1730
=CAT  \\$aBATCH-UPD$b00$c20220824$lBLL01$h0906
=CAT  \\$aIPL-CLA$c20220930$lBLL01$h1617
=CFI  0\$aCurrent copyright fee: GBP32.82$c19\0$e01-oct-2022$fGBP32.82$g0$hP$5Uk
=CFI  2\$aPrevious copyright fee: GBP31.50$c19\0$e01-jul-2022$fGBP31.50$g0$hP$5Uk
=FFP  \\$aY$bBLDSS-3PM
=FMT  \\$a  SE
=LAS  \\$aIPL-CLA$b00$c20220930$lBLL01$h1617
=LET  \0$aJournal of Chinese writing systems (Print)
=UNO  \\$aY

