=LDR  00717 as a22002658i 4500
=001  018177140
=003  Uk
=005  20170113130827.0
=007  ta
=008  170113c20179999enkqr\p\\\\\\\0\\\a0eng\\
=022  0\$a2513-8324$202
=040  \\$aUk$beng$cUk$erda
=222  \0$aTTTism magazine
=245  00$aTTTism magazine.
=246  3\$aTattooism magazine
=263  \\$a201702
=264  \1$aLondon :$bTTT Publishing
=310  \\$aQuarterly
=336  \\$atext$2rdacontent
=337  \\$aunmediated$2rdamedia
=338  \\$avolume$2rdacarrier
=985  \\$aLDO SERIALS - PLEASE PASS ALL ITEMS RECEIVED TO ISSN UK CENTRE.
=CAT  \\$a11313$b40$c20170113$lBLL01$h1308
=FMT  \\$a  SE
=LAS  \\$a11313$b40$c20170113$lBLL01$h1308

