=LDR  00778 as a22002778i 4500
=001  018182319
=003  Uk
=005  20170706105954.0
=007  ta
=008  170118c20179999enkwr\p\\\\\\\0\\\a0eng\\
=022  0\$a2513-860X$202
=040  \\$aUk$beng$cUk$erda
=222  \0$aThanet messenger
=245  00$aThanet messenger.
=263  \\$a201711
=264  \1$aStrood, Kent :$bKM Media Group
=310  \\$aWeeklly
=336  \\$atext$2rdacontent
=337  \\$aunmediated$2rdamedia
=338  \\$avolume$2rdacarrier
=985  \\$aLDO SERIALS - PLEASE PASS ALL ITEMS RECEIVED TO ISSN UK CENTRE.
=CAT  \\$a11205$b40$c20170118$lBLL01$h1049
=CAT  \\$a11130$b40$c20170706$lBLL01$h1059
=FMT  \\$a  SE
=LAS  \\$a11130$b40$c20170706$lBLL01$h1059
=LET  \0$aThanet messenger (Print)

