=LDR  01573 as a22003978i 4500
=001  018182423
=003  Uk
=005  20191121151604.0
=007  ta
=008  170118c20189999enkqr\p\\\\\\\0\\\a0eng\\
=022  0\$a2513-8618$202
=040  \\$aUk$beng$cUk$erda
=222  \0$aInternational journal of responsible management in emerging economies$b(Print)
=245  00$aInternational journal of responsible management in emerging economies.
=263  \\$a201801
=264  \1$aOlney :$bInderscience Publishers
=310  \\$aQuarterly
=336  \\$atext$2rdacontent
=337  \\$aunmediated$2rdamedia
=338  \\$avolume$2rdacarrier
=540  \\$aCurrent copyright fee: GBP28.00$c48\0$5Uk
=776  08$iAlso issued online as:$tInternational journal of responsible management in emerging economies$x2513-8626
=856  \\$31850-9999$uhttp://www.inderscience.com/$xBLDSS
=945  \\$aInternational journal of responsible management in emerging economies.
=979  \\$aBritish Library$bDSC$j4542.536450N
=985  \\$aLDO SERIALS - PLEASE PASS ALL ITEMS RECEIVED TO ISSN UK CENTRE.
=CAT  \\$a11205$b40$c20170118$lBLL01$h1155
=CAT  \\$a5552$b40$c20191114$lBLL01$h0915
=CAT  \\$aBLDSS-3PM$b00$c20191121$lBLL01$h1516
=CAT  \\$aBATCH-UPD$b00$c20191121$lBLL01$h1516
=CFI  0\$aCurrent copyright fee: GBP28.00$c48\0$e14-nov-2019$fGBP28.00$g0$hP$5Uk
=FFP  \\$aY$bBLDSS-3PM
=FMT  \\$a  SE
=LAS  \\$aBATCH-UPD$b00$c20191121$lBLL01$h1516
=LET  \0$aInternational journal of responsible management in emerging economies (Print)
=UNO  \\$aY

