=LDR  00684 as a22002538i 4500
=001  018192021
=003  Uk
=005  20170127111227.0
=007  ta
=008  170127c20179999enkwr\p\\\\\\\0\\\a0eng\\
=022  0\$a2513-955X$202
=040  \\$aUk$beng$cUk$erda
=222  \0$aSwiss model railway
=245  00$aSwiss model railway.
=263  \\$a201703
=264  \1$aLondon :$bDe Agostini
=310  \\$aWeekly
=336  \\$atext$2rdacontent
=337  \\$aunmediated$2rdamedia
=338  \\$avolume$2rdacarrier
=985  \\$aLDO SERIALS - PLEASE PASS ALL ITEMS RECEIVED TO ISSN UK CENTRE.
=CAT  \\$a11313$b40$c20170127$lBLL01$h1112
=FMT  \\$a  SE
=LAS  \\$a11313$b40$c20170127$lBLL01$h1112

