=LDR  00760 as a22002658i 4500
=001  018201682
=003  Uk
=005  20170511141021.0
=007  ta
=008  170203c20179999enkbr\p\\\\\\\0\\\a0eng\\
=022  0\$a2514-068X$202
=040  \\$aUk$beng$cUk$erda
=222  \0$aSilverhill press
=245  00$aSilverhill press.
=263  \\$a201708
=264  \1$aSt Leonards on Sea, East Sussex :$bSilverhill Press
=310  \\$aBimonthly
=336  \\$atext$2rdacontent
=337  \\$aunmediated$2rdamedia
=338  \\$avolume$2rdacarrier
=985  \\$aLDO SERIALS - PLEASE PASS ALL ITEMS RECEIVED TO ISSN UK CENTRE.
=CAT  \\$a11205$b40$c20170203$lBLL01$h1250
=CAT  \\$a11130$b40$c20170511$lBLL01$h1410
=FMT  \\$a  SE
=LAS  \\$a11130$b40$c20170511$lBLL01$h1410

