=LDR  00921 as a22003138i 4500
=001  018212843
=003  Uk
=005  20170623091508.0
=007  ta
=008  170206c20179999nikmr\p\\\\\\\0\\\a0eng\\
=022  0\$a2514-054X$202
=040  \\$aUk$beng$cUk$erda
=222  \0$aWee Derry$b(Print)
=245  00$aWee Derry.
=263  \\$a201712
=264  \1$aDerry :$bThree Zombie Dogs
=310  \\$aMonthly
=336  \\$atext$2rdacontent
=337  \\$aunmediated$2rdamedia
=338  \\$avolume$2rdacarrier
=776  08$iAlso issued online as:$tWee Derry$x2514-0647
=985  \\$aLDO SERIALS - PLEASE PASS ALL ITEMS RECEIVED TO ISSN UK CENTRE.
=CAT  \\$a11313$b40$c20170206$lBLL01$h1536
=CAT  \\$a11313$b40$c20170206$lBLL01$h1546
=CAT  \\$a11313$b40$c20170210$lBLL01$h1308
=CAT  \\$a11130$b40$c20170623$lBLL01$h0915
=FMT  \\$a  SE
=LAS  \\$a11130$b40$c20170623$lBLL01$h0915
=LET  \0$aWee Derry (Print)

