=LDR  00922 as a22003138i 4500
=001  018212854
=003  Uk
=005  20170804153312.0
=007  ta
=008  170206c20189999nikmr\p\\\\\\\0\\\a0eng\\
=022  0\$a2514-0558$202
=040  \\$aUk$beng$cUk$erda
=222  \0$a3 zombie dogs$b(Print)
=245  00$a3 zombie dogs.
=246  3\$aThree zombie dogs
=263  \\$a201801
=264  \1$aDerry :$bThree Zombie Dogs
=310  \\$aMonthly
=336  \\$atext$2rdacontent
=337  \\$aunmediated$2rdamedia
=338  \\$avolume$2rdacarrier
=776  08$iAlso issued online as:$t3 zombie dogs$x2514-0639
=985  \\$aLDO SERIALS - PLEASE PASS ALL ITEMS RECEIVED TO ISSN UK CENTRE.
=CAT  \\$a11313$b40$c20170206$lBLL01$h1547
=CAT  \\$a11313$b40$c20170210$lBLL01$h1303
=CAT  \\$a11130$b40$c20170804$lBLL01$h1533
=FMT  \\$a  SE
=LAS  \\$a11130$b40$c20170804$lBLL01$h1533
=LET  \0$a3 zombie dogs (Print)

