=LDR  00747 as a22002658i 4500
=001  018218512
=003  Uk
=005  20171204111118.0
=007  ta
=008  170208c20189999enkmr\p\\\\\\\0\\\a0eng\\
=022  0\$a2514-0817$202
=040  \\$aUk$beng$cUk$erda
=222  \0$aWiltshire style$b(Qualify)
=245  00$aWiltshire style.
=263  \\$a201806
=264  \1$aHorsham :$bBig Little Media Ltd
=310  \\$aMonthly
=336  \\$atext$2rdacontent
=337  \\$aunmediated$2rdamedia
=338  \\$avolume$2rdacarrier
=985  \\$aLDO SERIALS - PLEASE PASS ALL ITEMS RECEIVED TO ISSN UK CENTRE.
=CAT  \\$a11205$b40$c20170208$lBLL01$h1547
=CAT  \\$a11130$b40$c20171204$lBLL01$h1111
=FMT  \\$a  SE
=LAS  \\$a11130$b40$c20171204$lBLL01$h1111

