=LDR  00775 as a22002778i 4500
=001  018218513
=003  Uk
=005  20171204111146.0
=007  ta
=008  170208c20189999enkmr\p\\\\\\\0\\\a0eng\\
=022  0\$a2514-0809$202
=040  \\$aUk$beng$cUk$erda
=222  \0$aKent style
=245  00$aKent style.
=263  \\$a201806
=264  \1$aHorsham :$bBig Little Media Ltd
=310  \\$aMonthly
=336  \\$atext$2rdacontent
=337  \\$aunmediated$2rdamedia
=338  \\$avolume$2rdacarrier
=985  \\$aLDO SERIALS - PLEASE PASS ALL ITEMS RECEIVED TO ISSN UK CENTRE.
=CAT  \\$a11205$b40$c20170208$lBLL01$h1547
=CAT  \\$a11313$b40$c20170627$lBLL01$h1345
=CAT  \\$a11130$b40$c20171204$lBLL01$h1111
=FMT  \\$a  SE
=LAS  \\$a11130$b40$c20171204$lBLL01$h1111

