=LDR  00730 as a22002658i 4500
=001  018218518
=003  Uk
=005  20171204111212.0
=007  ta
=008  170208c20189999enkmr\p\\\\\\\0\\\a0eng\\
=022  0\$a2514-0825$202
=040  \\$aUk$beng$cUk$erda
=222  \0$aSurrey style
=245  00$aSurrey style.
=263  \\$a201806
=264  \1$aHorsham :$bBig Little Media Ltd
=310  \\$aMonthly
=336  \\$atext$2rdacontent
=337  \\$aunmediated$2rdamedia
=338  \\$avolume$2rdacarrier
=985  \\$aLDO SERIALS - PLEASE PASS ALL ITEMS RECEIVED TO ISSN UK CENTRE.
=CAT  \\$a11205$b40$c20170208$lBLL01$h1554
=CAT  \\$a11130$b40$c20171204$lBLL01$h1112
=FMT  \\$a  SE
=LAS  \\$a11130$b40$c20171204$lBLL01$h1112

