=LDR  00909 as a22002898i 4500
=001  018218546
=003  Uk
=005  20170208165519.0
=007  ta
=008  170208c20179999stkmr\p\\\\\\\0\\\a0eng\\
=022  0\$a2514-0841$202
=040  \\$aUk$beng$cUk$erda
=222  \0$aWrestling spy$b(Print)
=245  00$aWrestling spy.
=263  \\$a201702
=264  \1$aEast Kilbride :$bAndrew McNair
=310  \\$aMonthly
=336  \\$atext$2rdacontent
=337  \\$aunmediated$2rdamedia
=338  \\$avolume$2rdacarrier
=985  \\$aISSN Centre note: Online version ISSN 2514-0833, Aleph #018218545. Please add reciprocal 776 fields on completion.
=985  \\$aLDO SERIALS - PLEASE PASS ALL ITEMS RECEIVED TO ISSN UK CENTRE.
=CAT  \\$a11205$b40$c20170208$lBLL01$h1654
=CAT  \\$a11205$b40$c20170208$lBLL01$h1655
=FMT  \\$a  SE
=LAS  \\$a11205$b40$c20170208$lBLL01$h1655
=LET  \0$aWrestling spy (Print)

