=LDR  00976 as a22002898i 4500
=001  018219917
=003  Uk
=005  20190815122712.0
=007  ta
=008  170209c20179999stkar\p\\\\\\\0\\\a0eng\\
=022  0\$a2514-0876$202
=040  \\$aUk$beng$cUk$erda
=222  \0$aSt Andrews Africa Summit review$b(Print)
=245  00$aSt Andrews Africa Summit review.
=263  \\$a201702
=264  \1$aSt Andrews, Fife :$bDanielle Agbor
=310  \\$aAnnual
=336  \\$atext$2rdacontent
=337  \\$aunmediated$2rdamedia
=338  \\$avolume$2rdacarrier
=985  \\$aLDO SERIALS - PLEASE PASS ALL ITEMS RECEIVED TO ISSN UK CENTRE.
=985  \\$aISSN Centre note: Please complete online version on receipt of print copy, title may appear on resource as: The SAASUM review.
=CAT  \\$a11205$b40$c20170209$lBLL01$h1113
=CAT  \\$a8124$b40$c20190815$lBLL01$h1227
=FMT  \\$a  SE
=LAS  \\$a8124$b40$c20190815$lBLL01$h1227
=LET  \0$aSt Andrews Africa Summit review (Print)

