=LDR  00974 as a22002658i 4500
=001  018220842
=003  Uk
=005  20170210140723.0
=007  ta
=008  170210c20189999stkar\m\\\\\\\0\\\a0eng\\
=022  0\$a2514-0655$202
=040  \\$aUk$beng$cUk$erda
=222  \0$aLerwick Jarl special
=245  00$aLerwick Jarl special.
=263  \\$a201801
=264  \1$aLerwick :$bMillgaet Media Ltd
=310  \\$aMonthly
=336  \\$atext$2rdacontent
=337  \\$aunmediated$2rdamedia
=338  \\$avolume$2rdacarrier
=985  \\$aISSN UK Centre note: Already received 2017 issue, but no series title, only monographic title. Awaiting next issue (2018?) which should have series title on it. 2017 issue on Vicci's desk, which will need to be sent to shelf with 2018 issue. ISSN UK, 10.02.2017.
=985  \\$aLDO SERIALS - PLEASE PASS ALL ITEMS RECEIVED TO ISSN UK CENTRE.
=CAT  \\$a11313$b40$c20170210$lBLL01$h1407
=FMT  \\$a  SE
=LAS  \\$a11313$b40$c20170210$lBLL01$h1407

