=LDR  00907 as a22002778i 4500
=001  018224287
=003  Uk
=005  20170213103308.0
=007  ta
=008  170213c20179999enkar\p\\\\\\\0\\\e0chi\\
=022  0\$a2514-1465$202
=040  \\$aUk$beng$cUk$erda
=222  \0$a1888$b(Qualify. Zhongguohua)
=245  00$a1888 /$cby Carl F. Bucherer.
=263  \\$a201703
=264  \1$aLondon :$bInk
=310  \\$aAnnual
=336  \\$atext$2rdacontent
=337  \\$aunmediated$2rdamedia
=338  \\$avolume$2rdacarrier
=985  \\$aNew ISSN assigned at request of ISSN Switzerland. New ISSN also assigned to German, French & English editions - link via 775s as completed (Richard, 13/02/17)
=985  \\$aLDO SERIALS - PLEASE PASS ALL ITEMS RECEIVED TO ISSN UK CENTRE.
=CAT  \\$a10806$b40$c20170213$lBLL01$h1033
=FMT  \\$a  SE
=LAS  \\$a10806$b40$c20170213$lBLL01$h1033
=LET  \0$a1888 (Chinese edition)

