=LDR  00702 as a22002538i 4500
=001  018224892
=003  Uk
=005  20170214093309.0
=007  ta
=008  170214c20179999enkqr\p\\\\\\\0\\\a0eng\\
=022  0\$a2399-8369$202
=040  \\$aUk$beng$cUk$erda
=222  \4$aThe wonderful world of dance
=245  04$aThe wonderful world of dance.
=263  \\$a201705
=264  \1$aLondon :$bWWOD Ltd
=310  \\$aQuarterly
=336  \\$atext$2rdacontent
=337  \\$aunmediated$2rdamedia
=338  \\$avolume$2rdacarrier
=985  \\$aLDO SERIALS - PLEASE PASS ALL ITEMS RECEIVED TO ISSN UK CENTRE.
=CAT  \\$a10973$b40$c20170214$lBLL01$h0933
=FMT  \\$a  SE
=LAS  \\$a10973$b40$c20170214$lBLL01$h0933

