=LDR  00823 as a22002778i 4500
=001  018230820
=003  Uk
=005  20170515131407.0
=007  ta
=008  170215c20189999enktr\p\\\\\\\0\\\a0eng\\
=022  0\$a2513-9932$202
=040  \\$aUk$beng$cUk$erda
=222  \0$aFirstLook hair & beauty magazine
=245  00$aFirstLook hair & beauty magazine.
=246  3\$aFirst look hair and beauty magazine
=263  \\$a201801
=264  \1$aLondon :$bItell Media
=310  \\$aThree times a year
=336  \\$atext$2rdacontent
=337  \\$aunmediated$2rdamedia
=338  \\$avolume$2rdacarrier
=985  \\$aLDO SERIALS - PLEASE PASS ALL ITEMS RECEIVED TO ISSN UK CENTRE.
=CAT  \\$a10973$b40$c20170215$lBLL01$h1023
=CAT  \\$a11130$b40$c20170515$lBLL01$h1314
=FMT  \\$a  SE
=LAS  \\$a11130$b40$c20170515$lBLL01$h1314

