=LDR  00744 as a22002658i 4500
=001  018236453
=003  Uk
=005  20170512111219.0
=007  ta
=008  170222c20179999enkqr\p\\\\\\\0\\\a0eng\\
=022  0\$a2514-2445$202
=040  \\$aUk$beng$cUk$erda
=222  \0$aCrochet artisan
=245  00$aCrochet artisan.
=263  \\$a201707
=264  \1$aPrinces Risborough :$bCrochet Artisan
=310  \\$aQuarterly
=336  \\$atext$2rdacontent
=337  \\$aunmediated$2rdamedia
=338  \\$avolume$2rdacarrier
=985  \\$aLDO SERIALS - PLEASE PASS ALL ITEMS RECEIVED TO ISSN UK CENTRE.
=CAT  \\$a11205$b40$c20170222$lBLL01$h1242
=CAT  \\$a11130$b40$c20170512$lBLL01$h1112
=FMT  \\$a  SE
=LAS  \\$a11130$b40$c20170512$lBLL01$h1112

