=LDR  00892 as a22002778i 4500
=001  018237128
=003  Uk
=005  20170223101636.0
=007  ta
=008  170223c20179999enker\p\\\\\\\0\\\a0eng\\
=022  0\$a2514-2488$202
=040  \\$aUk$beng$cUk$erda
=222  \0$aXi Jinping thought
=245  00$aXi Jinping thought.
=263  \\$a201703
=264  \1$aLondon :$bXi Jinping Thought Magazine
=310  \\$aBiweekly
=336  \\$atext$2rdacontent
=337  \\$aunmediated$2rdamedia
=338  \\$avolume$2rdacarrier
=985  \\$aISSN Centre note: C/T from Zhongguo meng = Dream China, ISSN 2397-6276, Aleph #017718912. Please add 78X & LKR fields on completion.
=985  \\$aLDO SERIALS - PLEASE PASS ALL ITEMS RECEIVED TO ISSN UK CENTRE.
=CAT  \\$a11205$b40$c20170223$lBLL01$h1016
=FMT  \\$a  SE
=LAS  \\$a11205$b40$c20170223$lBLL01$h1016
=LET  \0$aXi Jinping thought (Print)

