=LDR  00684 as a22002538i 4500
=001  018239676
=003  Uk
=005  20170228090016.0
=007  ta
=008  170228c20179999enkbr\p\\\\\\\0\\\a0eng\\
=022  0\$a2514-2828$202
=040  \\$aUk$beng$cUk$erda
=222  \0$aCraze magazine
=245  00$aCraze magazine.
=263  \\$a201704
=264  \1$aExeter :$bLCD Publishing Ltd
=310  \\$aBimonthly
=336  \\$atext$2rdacontent
=337  \\$aunmediated$2rdamedia
=338  \\$avolume$2rdacarrier
=985  \\$aLDO SERIALS - PLEASE PASS ALL ITEMS RECEIVED TO ISSN UK CENTRE.
=CAT  \\$a11313$b40$c20170228$lBLL01$h0900
=FMT  \\$a  SE
=LAS  \\$a11313$b40$c20170228$lBLL01$h0900

