=LDR  00885 as a22002778i 4500
=001  018245565
=003  Uk
=005  20170905163118.0
=007  ta
=008  170306c20189999enkmr\\\\\\\\\0\\\a0eng\\
=022  0\$a2514-2917$202
=040  \\$aUk$beng$cUk$erda
=222  \0$aGreen final
=245  00$aGreen final.
=263  \\$a201801
=264  \1$aAberdeen :$bAberdeen Journals
=310  \\$aMonthly
=336  \\$atext$2rdacontent
=337  \\$aunmediated$2rdamedia
=338  \\$avolume$2rdacarrier
=985  \\$aISSN UK Centre note: C/T from Evening express green final, ISSN 0962-2292. Please add 78X and LKR fields when completing. ISSN UK, 06.03.2017.
=985  \\$aLDO SERIALS - PLEASE PASS ALL ITEMS RECEIVED TO ISSN UK CENTRE.
=CAT  \\$a11313$b40$c20170306$lBLL01$h0834
=CAT  \\$a11130$b40$c20170905$lBLL01$h1631
=FMT  \\$a  SE
=LAS  \\$a11130$b40$c20170905$lBLL01$h1631

