=LDR  01692cas a22004458i 4500
=001  018245569
=003  Uk
=005  20230210011343.0
=007  ta
=008  170306c20179999enkmr\p\\\\\\\0\\\a0eng\\
=022  0\$a2514-2925$202
=040  \\$aUk$beng$cUk$erda
=222  \0$aPractical smallholding series
=245  00$aPractical smallholding series.
=263  \\$a201704
=264  \1$aCudham :$bKelsey Media
=310  \\$aMonthly
=336  \\$atext$2rdacontent
=337  \\$aunmediated$2rdamedia
=338  \\$avolume$2rdacarrier
=540  \\$aCurrent Copyright Fee: GBP25.00$c0$5Uk
=985  \\$aLDO SERIALS - PLEASE PASS ALL ITEMS RECEIVED TO ISSN UK CENTRE.
=ACF  \\$aPrevious Copyright Fee: GBP17.50$c0$e01-apr-2018$fGBP17.50$g0$hC$5Uk
=ACF  \\$aPrevious Copyright Fee: GBP20.00$c0$e01-jan-2020$fGBP20.00$g0$hC$5Uk
=ACF  \\$aPrevious Copyright Fee: GBP22.50$c0$e01-jan-2021$fGBP22.50$g0$hC$5Uk
=CAT  \\$a11313$b40$c20170306$lBLL01$h0845
=CAT  \\$aBATCH-CLA$b00$c20180228$lBLL01$h1647
=CAT  \\$aIPL-CLA$c20180331$lBLL01$h1721
=CAT  \\$aBATCH-CLA$b00$c20191129$lBLL01$h1628
=CAT  \\$aIPL-CLA$c20191231$lBLL01$h2044
=CAT  \\$aBATCH-CLA$b00$c20201126$lBLL01$h1410
=CAT  \\$aIPL-CLA$c20201231$lBLL01$h2348
=CAT  \\$aBATCH-CLA$b00$c20221130$lBLL01$h1448
=CAT  \\$aIPL-CLA$c20221231$lBLL01$h2340
=CAT  \\$aBATCH-CLA$b00$c20230209$lBLL01$h1535
=CAT  \\$aIPL-CLA$c20230210$lBLL01$h0113
=CFI  0\$aCurrent Copyright Fee: GBP25.00$c0$e09-feb-2023$fGBP25.00$g0$hC$5Uk
=CFI  2\$aBritish Library not licensed to copy$c0$e01-jan-2023$hC$iCFP Excluded$5Uk
=FMT  \\$a  SE
=LAS  \\$aIPL-CLA$b00$c20230210$lBLL01$h0113

