=LDR  00681 as a22002538i 4500
=001  018245629
=003  Uk
=005  20170306103043.0
=007  ta
=008  170306c20179999enkmr\p\\\\\\\0\\\a0eng\\
=022  0\$a2514-3182$202
=040  \\$aUk$beng$cUk$erda
=222  \0$aTrumpet tales
=245  00$aTrumpet tales.
=263  \\$a201705
=264  \1$aNottingham :$bTrumpet Writers
=310  \\$aMonthly
=336  \\$atext$2rdacontent
=337  \\$aunmediated$2rdamedia
=338  \\$avolume$2rdacarrier
=985  \\$aLDO SERIALS - PLEASE PASS ALL ITEMS RECEIVED TO ISSN UK CENTRE.
=CAT  \\$a10806$b40$c20170306$lBLL01$h1030
=FMT  \\$a  SE
=LAS  \\$a10806$b40$c20170306$lBLL01$h1030

