=LDR  00882 as a22002778i 4500
=001  018245782
=003  Uk
=005  20170306134759.0
=007  ta
=008  170306c20189999enkqr\p\\\\\\\0\\\a0eng\\
=022  0\$a2514-3204$202
=040  \\$aUk$beng$cUk$erda
=222  \0$aJournal of supply chain relocation$b(Print)
=245  00$aJournal of supply chain relocation.
=263  \\$a201806
=264  \1$aOlney :$bInderscience Publishers
=310  \\$aQuarterly
=336  \\$atext$2rdacontent
=337  \\$aunmediated$2rdamedia
=338  \\$avolume$2rdacarrier
=776  08$iAlso issued online as:$tJournal of supply chain relocation$x2514-3212
=985  \\$aLDO SERIALS - PLEASE PASS ALL ITEMS RECEIVED TO ISSN UK CENTRE.
=CAT  \\$a10806$b40$c20170306$lBLL01$h1347
=FMT  \\$a  SE
=LAS  \\$a10806$b40$c20170306$lBLL01$h1347
=LET  \0$aJournal of supply chain relocation (Print)

