=LDR  00702 as a22002658i 4500
=001  018254088
=003  Uk
=005  20170310112107.0
=007  ta
=008  170310c20179999enkfr\p\\\\\\\0\\\a0eng\\
=022  0\$a2514-4022$202
=040  \\$aUk$beng$cUk$erda
=222  \0$aBE$b(Qualify)
=245  00$aBE
=246  3\$aBuilt environment
=263  \\$a201704
=264  \1$aLondon :$bBuilding Centre
=310  \\$aSemiannual
=336  \\$atext$2rdacontent
=337  \\$aunmediated$2rdamedia
=338  \\$avolume$2rdacarrier
=985  \\$aLDO SERIALS - PLEASE PASS ALL ITEMS RECEIVED TO ISSN UK CENTRE.
=CAT  \\$a10973$b40$c20170310$lBLL01$h1121
=FMT  \\$a  SE
=LAS  \\$a10973$b40$c20170310$lBLL01$h1121

