=LDR  01112 as a22003378i 4500
=001  018254212
=003  Uk
=005  20170524114917.0
=006  m\\\\\\\\d\|\\\\\\
=007  ta
=008  170310c20179999enkar\p\\\\\\\0\\\a0eng\\
=022  0\$a2514-4030$202
=040  \\$aUk$beng$cUk$erda
=222  \0$aMCN John McGuinness
=245  00$aMCN John McGuinness.
=246  3\$aMotorcycle news John McGuinness
=263  \\$a201805
=264  \1$aPeterborough :$bBauer Media
=310  \\$aAnnual
=336  \\$atext$2rdacontent
=337  \\$aunmediated$2rdamedia
=338  \\$avolume$2rdacarrier
=985  \\$aLDO SERIALS - PLEASE PASS ALL ITEMS RECEIVED TO ISSN UK CENTRE.
=985  \\$aISSN UK Centre note: see file - copy rec'd May 2017 but not a serial. Publisher confirms this is to be annual, awaiting next issue.
=CAT  \\$a10973$b40$c20170310$lBLL01$h1409
=CAT  \\$a10973$b40$c20170310$lBLL01$h1421
=CAT  \\$a5466$b40$c20170310$lBLL01$h1601
=CAT  \\$a10973$b40$c20170313$lBLL01$h1003
=CAT  \\$a10973$b40$c20170524$lBLL01$h1149
=FMT  \\$a  SE
=LAS  \\$a10973$b40$c20170524$lBLL01$h1149

