=LDR  00708 as a22002538i 4500
=001  018260798
=003  Uk
=005  20170313104249.0
=007  ta
=008  170313c20179999enkbx\p\\\\\\\0\\\a0eng\\
=022  0\$a2514-3654$202
=040  \\$aUk$beng$cUk$erda
=222  \0$aInfinity$b(Qualify. 2017)
=245  00$aInfinity.
=263  \\$a201704
=264  \1$aSutton :$bGhoulish Publishing Limited
=310  \\$aEight issues yearly
=336  \\$atext$2rdacontent
=337  \\$aunmediated$2rdamedia
=338  \\$avolume$2rdacarrier
=985  \\$aLDO SERIALS - PLEASE PASS ALL ITEMS RECEIVED TO ISSN UK CENTRE.
=CAT  \\$a11313$b40$c20170313$lBLL01$h1042
=FMT  \\$a  SE
=LAS  \\$a11313$b40$c20170313$lBLL01$h1042

