=LDR  00713 as a22002658i 4500
=001  018270735
=003  Uk
=005  20170322113454.0
=007  ta
=008  170322c20179999enkmr\p\\\\\\\0\\\a0eng\\
=022  0\$a2514-474X$202
=040  \\$aUk$beng$cUk$erda
=222  \0$aOnce written
=245  00$aOnce written.
=263  \\$a201705
=264  \1$aNottingham :$bOnce Written
=310  \\$aMonthly
=336  \\$atext$2rdacontent
=337  \\$aunmediated$2rdamedia
=338  \\$avolume$2rdacarrier
=985  \\$aLDO SERIALS - PLEASE PASS ALL ITEMS RECEIVED TO ISSN UK CENTRE.
=CAT  \\$a11205$b40$c20170322$lBLL01$h1134
=FMT  \\$a  SE
=LAS  \\$a11205$b40$c20170322$lBLL01$h1134
=LET  \0$aOnce written (Print)

