=LDR  00790 as a22002538i 4500
=001  018275540
=003  Uk
=005  20170328102543.0
=007  ta
=008  170328c20179999enkfr\p\\\\\\\0\\\a0eng\\
=022  0\$a2514-5746$202
=040  \\$aUk$beng$cUk$erda
=222  \0$aJournal of architecture and engineering of spectator facilities
=245  00$aJournal of architecture and engineering of spectator facilities.
=263  \\$a201705
=264  \1$aRothersthorpe :$bParagon Publishing
=310  \\$aSemiannual
=336  \\$atext$2rdacontent
=337  \\$aunmediated$2rdamedia
=338  \\$avolume$2rdacarrier
=985  \\$aLDO SERIALS - PLEASE PASS ALL ITEMS RECEIVED TO ISSN UK CENTRE.
=CAT  \\$a11313$b40$c20170328$lBLL01$h1025
=FMT  \\$a  SE
=LAS  \\$a11313$b40$c20170328$lBLL01$h1025

