=LDR  00939 as a22003018i 4500
=001  018279483
=003  Uk
=005  20170331080727.0
=007  ta
=008  170330c20139999enkqr\p\\\\\\\0\\\a0eng\\
=022  0\$a2514-5827$202
=040  \\$aUk$beng$cUk$erda
=222  \4$aThe global Zambian magazine$b(Print)
=245  04$aThe global Zambian magazine.
=263  \\$a201705
=264  \1$aLondon :$bEffycom Group
=310  \\$aQuarterly
=336  \\$atext$2rdacontent
=337  \\$aunmediated$2rdamedia
=338  \\$avolume$2rdacarrier
=776  08$iAlso issued online as:$tGlobal Zambian magazine$x2514-5835
=985  \\$aLDO SERIALS - PLEASE PASS ALL ITEMS RECEIVED TO ISSN UK CENTRE.
=CAT  \\$a11313$b40$c20170330$lBLL01$h1512
=CAT  \\$a11313$b40$c20170330$lBLL01$h1540
=CAT  \\$a11313$b40$c20170331$lBLL01$h0807
=FMT  \\$a  SE
=LAS  \\$a11313$b40$c20170331$lBLL01$h0807
=LET  \4$aThe global Zambian magazine (Print)

