=LDR  00724 as a22002658i 4500
=001  018283801
=003  Uk
=005  20170905163030.0
=007  ta
=008  170403c20189999enkbr\p\\\\\\\0\\\a0eng\\
=022  0\$a2514-5886$202
=040  \\$aUk$beng$cUk$erda
=222  \4$aThe quiet pages
=245  04$aThe quiet pages.
=263  \\$a201801
=264  \1$aLondon :$bE. Bell
=310  \\$aBimonthly
=336  \\$atext$2rdacontent
=337  \\$aunmediated$2rdamedia
=338  \\$avolume$2rdacarrier
=985  \\$aLDO SERIALS - PLEASE PASS ALL ITEMS RECEIVED TO ISSN UK CENTRE.
=CAT  \\$a11313$b40$c20170403$lBLL01$h1358
=CAT  \\$a11130$b40$c20170905$lBLL01$h1630
=FMT  \\$a  SE
=LAS  \\$a11130$b40$c20170905$lBLL01$h1630

