=LDR  00721 as a22002658i 4500
=001  018290296
=003  Uk
=005  20170405114803.0
=007  ta
=008  170405c20179999enkfr\p\\\\\\\0\\\a0eng\\
=022  0\$a2514-6718$202
=040  \\$aUk$beng$cUk$erda
=222  \0$aF word$b(Qualify)
=245  00$aF word.
=263  \\$a201705
=264  \1$aRuislip :$bF. Macedo
=310  \\$aSemiannual
=336  \\$atext$2rdacontent
=337  \\$aunmediated$2rdamedia
=338  \\$avolume$2rdacarrier
=985  \\$aLDO SERIALS - PLEASE PASS ALL ITEMS RECEIVED TO ISSN UK CENTRE.
=CAT  \\$a10973$b40$c20170405$lBLL01$h1142
=CAT  \\$a10973$b40$c20170405$lBLL01$h1148
=FMT  \\$a  SE
=LAS  \\$a10973$b40$c20170405$lBLL01$h1148

