=LDR  00680 as a22002538i 4500
=001  018293745
=003  Uk
=005  20170407105813.0
=007  ta
=008  170407c20179999enkmr\p\\\\\\\0\\\a0eng\\
=022  0\$a2514-6998$202
=040  \\$aUk$beng$cUk$erda
=222  \0$aASDA logics
=245  00$aASDA logics.
=263  \\$a201706
=264  \1$aLondon :$bEye To Eye Puzzles Ltd
=310  \\$aMonthly
=336  \\$atext$2rdacontent
=337  \\$aunmediated$2rdamedia
=338  \\$avolume$2rdacarrier
=985  \\$aLDO SERIALS - PLEASE PASS ALL ITEMS RECEIVED TO ISSN UK CENTRE.
=CAT  \\$a11313$b40$c20170407$lBLL01$h1058
=FMT  \\$a  SE
=LAS  \\$a11313$b40$c20170407$lBLL01$h1058

