=LDR  00723 as a22002778i 4500
=001  018293752
=003  Uk
=005  20170407110953.0
=007  ta
=008  170407c20179999enkqr\p\\\\\\\0\\\a0eng\\
=022  0\$a2514-7013$202
=040  \\$aUk$beng$cUk$erda
=222  \0$aVWG
=245  00$aVWG.
=246  13$aVolkswagen Group
=246  13$aVolkswagen Group magazine
=263  \\$a201706
=264  \1$aFife :$bM. Dow
=310  \\$aQuarterly
=336  \\$atext$2rdacontent
=337  \\$aunmediated$2rdamedia
=338  \\$avolume$2rdacarrier
=985  \\$aLDO SERIALS - PLEASE PASS ALL ITEMS RECEIVED TO ISSN UK CENTRE.
=CAT  \\$a11313$b40$c20170407$lBLL01$h1109
=FMT  \\$a  SE
=LAS  \\$a11313$b40$c20170407$lBLL01$h1109

