=LDR  00683 as a22002538i 4500
=001  018296731
=003  Uk
=005  20170410074420.0
=007  ta
=008  170410c20179999enkfr\p\\\\\\\0\\\a0eng\\
=022  0\$a2514-7145$202
=040  \\$aUk$beng$cUk$erda
=222  \0$aSWIM magazine$b(Qualify)
=245  00$aSWIM magazine.
=263  \\$a201706
=264  \1$aLondon :$bA. Nock
=310  \\$aSemiannual
=336  \\$atext$2rdacontent
=337  \\$aunmediated$2rdamedia
=338  \\$avolume$2rdacarrier
=985  \\$aLDO SERIALS - PLEASE PASS ALL ITEMS RECEIVED TO ISSN UK CENTRE.
=CAT  \\$a11313$b40$c20170410$lBLL01$h0744
=FMT  \\$a  SE
=LAS  \\$a11313$b40$c20170410$lBLL01$h0744

