=LDR  00815 as a22002778i 4500
=001  018296788
=003  Uk
=005  20170410103349.0
=007  ta
=008  170410c20179999enkar\p\\\\\\\0\\\a0eng\\
=022  0\$a2514-6750$202
=040  \\$aUk$beng$cUk$erda
=222  \4$aThe report. Vietnam$b(Print)
=245  04$aThe report.$pVietnam.
=263  \\$a201704
=264  \1$aLondon :$bOxford Business Group
=310  \\$aAnnual
=336  \\$atext$2rdacontent
=337  \\$aunmediated$2rdamedia
=338  \\$avolume$2rdacarrier
=776  08$iAlso issued online as:$tReport. Vietnam$x2514-6769
=985  \\$aLDO SERIALS - PLEASE PASS ALL ITEMS RECEIVED TO ISSN UK CENTRE.
=CAT  \\$a10973$b40$c20170410$lBLL01$h1033
=FMT  \\$a  SE
=LAS  \\$a10973$b40$c20170410$lBLL01$h1033
=LET  \4$aThe report. Vietnam (Print)

