=LDR  00757 as a22002778i 4500
=001  018300978
=003  Uk
=005  20171204110828.0
=007  ta
=008  170413c20189999enkwr\p\\\\\\\0\\\a0eng\\
=022  0\$a2514-6076$202
=040  \\$aUk$beng$cUk$erda
=222  \0$aPaper$b(Qualify)
=245  00$aPaper.
=263  \\$a201802
=264  \1$aLondon :$bHachette Partworks Ltd
=310  \\$aWeekly
=336  \\$atext$2rdacontent
=337  \\$aunmediated$2rdamedia
=338  \\$avolume$2rdacarrier
=985  \\$aLDO SERIALS - PLEASE PASS ALL ITEMS RECEIVED TO ISSN UK CENTRE.
=CAT  \\$a11205$b40$c20170413$lBLL01$h1113
=CAT  \\$a11130$b40$c20171204$lBLL01$h1108
=FMT  \\$a  SE
=LAS  \\$a11130$b40$c20171204$lBLL01$h1108
=LET  \0$aPaper (Print)

