=LDR  00706 as a22002538i 4500
=001  018309748
=003  Uk
=005  20170421084733.0
=007  ta
=008  170421c20179999enkqr\p\\\\\\\0\\\a0eng\\
=022  0\$a2514-6661$202
=040  \\$aUk$beng$cUk$erda
=222  \0$aSmurfs magazine series
=245  00$aSmurfs magazine series.
=263  \\$a201704
=264  \1$aCoulsdon :$bMillcrest Distribution
=310  \\$aQuarterly
=336  \\$atext$2rdacontent
=337  \\$aunmediated$2rdamedia
=338  \\$avolume$2rdacarrier
=985  \\$aLDO SERIALS - PLEASE PASS ALL ITEMS RECEIVED TO ISSN UK CENTRE.
=CAT  \\$a10973$b40$c20170421$lBLL01$h0847
=FMT  \\$a  SE
=LAS  \\$a10973$b40$c20170421$lBLL01$h0847

