=LDR  00679 as a22002538i 4500
=001  018310102
=003  Uk
=005  20170421161433.0
=007  ta
=008  170421c20179999enkmr\p\\\\\\\0\\\a0eng\\
=022  0\$a2514-667X$202
=040  \\$aUk$beng$cUk$erda
=222  \0$aMy magic pot
=245  00$aMy magic pot.
=263  \\$a201705
=264  \1$aBath :$bAnthem Publishing Ltd
=310  \\$aMonthly
=336  \\$atext$2rdacontent
=337  \\$aunmediated$2rdamedia
=338  \\$avolume$2rdacarrier
=985  \\$aLDO SERIALS - PLEASE PASS ALL ITEMS RECEIVED TO ISSN UK CENTRE.
=CAT  \\$a10973$b40$c20170421$lBLL01$h1614
=FMT  \\$a  SE
=LAS  \\$a10973$b40$c20170421$lBLL01$h1614

