=LDR  00709 as a22002538i 4500
=001  018312148
=003  Uk
=005  20170425112512.0
=007  ta
=008  170425c20179999enkwr\p\\\\\\\0\\\a0eng\\
=022  0\$a2514-7722$202
=040  \\$aUk$beng$cUk$erda
=222  \0$aFarmers guardian$b(Scottish ed.)
=245  00$aFarmers guardian.
=263  \\$a201705
=264  \1$aLondon :$bBriefing Media Agriculture
=310  \\$aWeekly
=336  \\$atext$2rdacontent
=337  \\$aunmediated$2rdamedia
=338  \\$avolume$2rdacarrier
=985  \\$aLDO SERIALS - PLEASE PASS ALL ITEMS RECEIVED TO ISSN UK CENTRE.
=CAT  \\$a11313$b40$c20170425$lBLL01$h1125
=FMT  \\$a  SE
=LAS  \\$a11313$b40$c20170425$lBLL01$h1125

