=LDR  00887 as a22002658i 4500
=001  018312165
=003  Uk
=005  20170425113515.0
=007  ta
=008  170425c20179999enkar\p\\\\\\\0\\\a0eng\\
=022  0\$a2514-8508$202
=040  \\$aUk$beng$cUk$erda
=222  \0$aJournal of cultivated plant diversity
=245  00$aJournal of cultivated plant diversity.
=263  \\$a201709
=264  \1$aWoking :$bScience Department, Royal Horticultural Society
=310  \\$aAnnual
=336  \\$atext$2rdacontent
=337  \\$aunmediated$2rdamedia
=338  \\$avolume$2rdacarrier
=985  \\$aISSN UK Centre note: C/T from ISSN 1749-723X - please add 78X and LKR fields when completing. ISSN UK, 25.04.2017.
=985  \\$aLDO SERIALS - PLEASE PASS ALL ITEMS RECEIVED TO ISSN UK CENTRE.
=CAT  \\$a11313$b40$c20170425$lBLL01$h1135
=FMT  \\$a  SE
=LAS  \\$a11313$b40$c20170425$lBLL01$h1135

