=LDR  00851cas a22003018i 4500
=001  018315452
=003  Uk
=005  20221130110710.0
=007  ta
=008  170426c20219999enkbr\p\\\\\\\0\\\a0eng\\
=022  0\$a2514-6882$202
=040  \\$aUk$beng$cUk$erda
=222  \0$aGather$b(Qualify)
=245  00$aGather.
=263  \\$a202309
=264  \1$aLewes :$bGMC Publications
=310  \\$aBimonthly
=336  \\$atext$2rdacontent
=337  \\$aunmediated$2rdamedia
=338  \\$avolume$2rdacarrier
=985  \\$aLDO SERIALS - PLEASE PASS ALL ITEMS RECEIVED TO ISSN UK CENTRE.
=CAT  \\$a7152$b40$c20170426$lBLL01$h1142
=CAT  \\$a11130$b40$c20210218$lBLL01$h0841
=CAT  \\$a11130$b40$c20220922$lBLL01$h1617
=CAT  \\$a7152$b40$c20221130$lBLL01$h1107
=FMT  \\$a  SE
=LAS  \\$a7152$b40$c20221130$lBLL01$h1107
=LET  \0$aGather (Print)

