=LDR  00728 as a22002778i 4500
=001  018316274
=003  Uk
=005  20170427134658.0
=007  ta
=008  170427c20179999enkqr\p\\\\\\\0\\\a0eng\\
=022  0\$a2514-8745$202
=040  \\$aUk$beng$cUk$erda
=222  \0$a1853
=245  00$a1853.
=246  3\$aEighteen fifty three
=263  \\$a201705
=264  \1$aBlackburn :$bPatrick Brown
=310  \\$aQuarterly
=336  \\$atext$2rdacontent
=337  \\$aunmediated$2rdamedia
=338  \\$avolume$2rdacarrier
=985  \\$aLDO SERIALS - PLEASE PASS ALL ITEMS RECEIVED TO ISSN UK CENTRE.
=CAT  \\$a11205$b40$c20170427$lBLL01$h1346
=FMT  \\$a  SE
=LAS  \\$a11205$b40$c20170427$lBLL01$h1346
=LET  \0$a1853 (Print)

