=LDR  00667 as a22002538i 4500
=001  018328771
=003  Uk
=005  20170502074649.0
=007  ta
=008  170502c20179999enkmr\p\\\\\\\0\\\a0eng\\
=022  0\$a2514-8621$202
=040  \\$aUk$beng$cUk$erda
=222  \0$aSling ink
=245  00$aSling ink.
=263  \\$a201706
=264  \1$aNottingham :$bSling Ink
=310  \\$aMonthly
=336  \\$atext$2rdacontent
=337  \\$aunmediated$2rdamedia
=338  \\$avolume$2rdacarrier
=985  \\$aLDO SERIALS - PLEASE PASS ALL ITEMS RECEIVED TO ISSN UK CENTRE.
=CAT  \\$a11313$b40$c20170502$lBLL01$h0746
=FMT  \\$a  SE
=LAS  \\$a11313$b40$c20170502$lBLL01$h0746

