=LDR  00787 as a22002658i 4500
=001  018336969
=003  Uk
=005  20170508081642.0
=007  ta
=008  170508c20179999enkar\p\\\\\\\0\\\a0eng\\
=022  0\$a2514-9199$202
=040  \\$aUk$beng$cUk$erda
=222  \0$aYour health choices$b(East Midlands ed.)
=245  00$aYour health choices.
=263  \\$a201706
=264  \1$aSutton Coldfield :$bConsultant Forum UK Ltd
=310  \\$aAnnual
=336  \\$atext$2rdacontent
=337  \\$aunmediated$2rdamedia
=338  \\$avolume$2rdacarrier
=985  \\$aLDO SERIALS - PLEASE PASS ALL ITEMS RECEIVED TO ISSN UK CENTRE.
=CAT  \\$a11313$b40$c20170508$lBLL01$h0816
=FMT  \\$a  SE
=LAS  \\$a11313$b40$c20170508$lBLL01$h0816
=LET  \0$aYour health choices (East Midlands edition)

