=LDR  00799 as a22002658i 4500
=001  018336981
=003  Uk
=005  20170508084240.0
=007  ta
=008  170508c20179999enkar\p\\\\\\\0\\\a0eng\\
=022  0\$a2514-9202$202
=040  \\$aUk$beng$cUk$erda
=222  \0$aWhich consultant? East Midlands region
=245  00$aWhich consultant?$pEast Midlands region
=263  \\$a201706
=264  \1$aSutton Coldfield :$bConsultant Forum UK Ltd
=310  \\$aAnnual
=336  \\$atext$2rdacontent
=337  \\$aunmediated$2rdamedia
=338  \\$avolume$2rdacarrier
=985  \\$aLDO SERIALS - PLEASE PASS ALL ITEMS RECEIVED TO ISSN UK CENTRE.
=CAT  \\$a11313$b40$c20170508$lBLL01$h0842
=FMT  \\$a  SE
=LAS  \\$a11313$b40$c20170508$lBLL01$h0842
=LET  \0$aWhich consultant? East Midlands region

