=LDR  00930 as a22002898i 4500
=001  018337015
=003  Uk
=005  20170524115121.0
=007  ta
=008  170508c20179999enkar\p\\\\\\\0\\\a0eng\\
=022  0\$a2514-9210$202
=040  \\$aUk$beng$cUk$erda
=222  \0$aMCN Barry Sheene
=245  00$aMCN Barry Sheene.
=246  3\$aMotorcycle news Barry Sheene
=263  \\$a201708
=264  \1$aPeterborough :$bBauer Media Group
=310  \\$aAnnual
=336  \\$atext$2rdacontent
=337  \\$aunmediated$2rdamedia
=338  \\$avolume$2rdacarrier
=985  \\$aLDO SERIALS - PLEASE PASS ALL ITEMS RECEIVED TO ISSN UK CENTRE.
=985  \\$aISSN UK Centre note: please pass to ISSN UK Centre. See ISSN 2514-4030 file for further info if title appears to be out of scope.
=CAT  \\$a11313$b40$c20170508$lBLL01$h1016
=CAT  \\$a10973$b40$c20170524$lBLL01$h1151
=FMT  \\$a  SE
=LAS  \\$a10973$b40$c20170524$lBLL01$h1151

