=LDR  00676 as a22002538i 4500
=001  018338701
=003  Uk
=005  20170509130516.0
=007  ta
=008  170509c20179999enkfr\p\\\\\\\0\\\a0eng\\
=022  0\$a2514-975X$202
=040  \\$aUk$beng$cUk$erda
=222  \0$aRecorder$b(Qualify)
=245  00$aRecorder.
=263  \\$a201705
=264  \1$aLondon :$bD. Tickner
=310  \\$aSemiannual
=336  \\$atext$2rdacontent
=337  \\$aunmediated$2rdamedia
=338  \\$avolume$2rdacarrier
=985  \\$aLDO SERIALS - PLEASE PASS ALL ITEMS RECEIVED TO ISSN UK CENTRE.
=CAT  \\$a11313$b40$c20170509$lBLL01$h1305
=FMT  \\$a  SE
=LAS  \\$a11313$b40$c20170509$lBLL01$h1305

