=LDR  00907 as a22002778i 4500
=001  018340022
=003  Uk
=005  20170510102945.0
=007  ta
=008  170510c20179999stk\x\p\\\\\\\0\\\a0eng\\
=022  0\$a2514-9466$202
=040  \\$aUk$beng$cUk$erda
=222  \0$aCeltic & Anglo-Saxon manuscript studies
=245  00$aCeltic & Anglo-Saxon manuscript studies.
=246  3\$aCeltic and Anglo-Saxon manuscript studies
=263  \\$a201705
=264  \1$aAberdeen :$bThe Centre for Celtic & Anglo-Saxon Studies, University of Aberdeen
=310  \\$aIrregular
=336  \\$atext$2rdacontent
=337  \\$aunmediated$2rdamedia
=338  \\$avolume$2rdacarrier
=985  \\$aLDO SERIALS - PLEASE PASS ALL ITEMS RECEIVED TO ISSN UK CENTRE.
=CAT  \\$a11205$b40$c20170510$lBLL01$h1029
=FMT  \\$a  SE
=LAS  \\$a11205$b40$c20170510$lBLL01$h1029
=LET  \0$aCeltic & Anglo-Saxon manuscript studies (Print)

