=LDR  00767 as a22002658i 4500
=001  018345924
=003  Uk
=005  20170517143646.0
=007  ta
=008  170517c20179999enkfr\p\\\\\\\0\\\a0eng\\
=022  0\$a2515-0197$202
=040  \\$aUk$beng$cUk$erda
=222  \4$aThe work life balance planner
=245  04$aThe work life balance planner.
=263  \\$a201706
=264  \1$aLondon :$bFusionetics Ltd.
=310  \\$aSemiannual
=336  \\$atext$2rdacontent
=337  \\$aunmediated$2rdamedia
=338  \\$avolume$2rdacarrier
=985  \\$aLDO SERIALS - PLEASE PASS ALL ITEMS RECEIVED TO ISSN UK CENTRE.
=CAT  \\$a11205$b40$c20170517$lBLL01$h1436
=FMT  \\$a  SE
=LAS  \\$a11205$b40$c20170517$lBLL01$h1436
=LET  \4$aThe work life balance planner (Print)

