=LDR  00844 as a22002778i 4500
=001  018345928
=003  Uk
=005  20170517144218.0
=007  ta
=008  170517c20179999enkbr\p\\\\\\\0\\\a0eng\\
=022  0\$a2514-7870$202
=040  \\$aUk$beng$cUk$erda
=222  \0$aPrincess$b(Qualify. Print)
=245  00$aPrincess.
=263  \\$a201712
=264  \1$aLaunceston :$bS. Oakley
=310  \\$aBimonthly
=336  \\$atext$2rdacontent
=337  \\$aunmediated$2rdamedia
=338  \\$avolume$2rdacarrier
=985  \\$aIf 776 field required add in {dollar}i Also issued online as: Princess. ISSN 2514-7889. Please add relevant 7xx links.
=985  \\$aLDO SERIALS - PLEASE PASS ALL ITEMS RECEIVED TO ISSN UK CENTRE.
=CAT  \\$a7152$b40$c20170517$lBLL01$h1442
=FMT  \\$a  SE
=LAS  \\$a7152$b40$c20170517$lBLL01$h1442
=LET  \0$aPrincess (Print)

