=LDR  00947 as a22002898i 4500
=001  018346468
=003  Uk
=005  20170518154232.0
=007  ta
=008  170518c20179999enkar\m\\\\\\\0\\\a0eng\\
=022  0\$a2515-0758$202
=040  \\$aUk$beng$cUk$erda
=222  \0$aApplied theatre praxis$b(Print)
=245  00$aApplied theatre praxis.
=263  \\$a201712
=264  \1$aCambridge :$bOpen Book Publishers
=310  \\$aAnnual
=336  \\$atext$2rdacontent
=337  \\$aunmediated$2rdamedia
=338  \\$avolume$2rdacarrier
=776  08$iAlso issued online as:$tApplied theatre praxis$x2515-0766
=985  \\$aLDO SERIALS - PLEASE PASS ALL ITEMS RECEIVED TO ISSN UK CENTRE.
=985  \\$aISSN Centre note: Series begins with 2nd volume, first monograph published without a series title.
=CAT  \\$a11205$b40$c20170518$lBLL01$h1542
=FMT  \\$a  SE
=LAS  \\$a11205$b40$c20170518$lBLL01$h1542
=LET  \0$aApplied theatre praxis (Print)

