=LDR  01279 as a22003138i 4500
=001  018352558
=003  Uk
=005  20180503160208.0
=007  ta
=008  170524c20189999cj\ar\p\\\\\\\0\\\a0eng\\
=022  0\$a2515-0952$202
=040  \\$aUk$beng$cUk$erda
=222  \4$aThe Cayman Islands destination performance report$b(Print)
=245  04$aThe Cayman Islands destination performance report.
=263  \\$a201806
=264  \1$aGeorge Town, Grand Cayman :$bCayman Islands Department of Tourism
=310  \\$aAnnual
=336  \\$atext$2rdacontent
=337  \\$aunmediated$2rdamedia
=338  \\$avolume$2rdacarrier
=776  08$iAlso issued online as:$tCayman Islands destination performance report$x2515-0960
=985  \\$aLDO SERIALS - PLEASE PASS ALL ITEMS RECEIVED TO ISSN UK CENTRE.
=985  \\$aISSN UK Centre note: Print version of ISSN 2515-0960. Please add reciprocal 776 fields on completion. 1st issue (2016) not available in print. Sending 2nd issue (2017) when published in June 2018.
=CAT  \\$a11205$b40$c20170524$lBLL01$h1558
=CAT  \\$a11205$b40$c20180503$lBLL01$h1541
=CAT  \\$a11130$b40$c20180503$lBLL01$h1602
=FMT  \\$a  SE
=LAS  \\$a11130$b40$c20180503$lBLL01$h1602
=LET  \4$aThe Cayman Islands destination performance report (Print)

