=LDR  00678 as a22002538i 4500
=001  018353086
=003  Uk
=005  20170525141143.0
=007  ta
=008  170525c20179999enkmr\p\\\\\\\0\\\a0eng\\
=022  0\$a2514-7951$202
=040  \\$aUk$beng$cUk$erda
=222  \0$aShooting monthly
=245  00$aShooting monthly.
=263  \\$a201707
=264  \1$aWokingham :$bArchant
=310  \\$aMonthly
=336  \\$atext$2rdacontent
=337  \\$aunmediated$2rdamedia
=338  \\$avolume$2rdacarrier
=985  \\$aLDO SERIALS - PLEASE PASS ALL ITEMS RECEIVED TO ISSN UK CENTRE.
=CAT  \\$a10973$b40$c20170525$lBLL01$h1411
=FMT  \\$a  SE
=LAS  \\$a10973$b40$c20170525$lBLL01$h1411

