=LDR  00738 as a22002658i 4500
=001  018358029
=003  Uk
=005  20170601092508.0
=007  ta
=008  170601c20179999enkmr\p\\\\\\\0\\\a0eng\\
=022  0\$a2515-1142$202
=040  \\$aUk$beng$cUk$erda
=222  \0$aCountryside monthly$b(Qualify)
=245  00$aCountryside monthly.
=263  \\$a201708
=264  \1$a[Exeter] :$bArchant
=310  \\$aMonthly
=336  \\$atext$2rdacontent
=337  \\$aunmediated$2rdamedia
=338  \\$avolume$2rdacarrier
=985  \\$aLDO SERIALS - PLEASE PASS ALL ITEMS RECEIVED TO ISSN UK CENTRE.
=CAT  \\$a11205$b40$c20170601$lBLL01$h0925
=FMT  \\$a  SE
=LAS  \\$a11205$b40$c20170601$lBLL01$h0925
=LET  \0$aCountryside monthly (Print)

