=LDR  00825 as a22002778i 4500
=001  018364483
=003  Uk
=005  20170605133213.0
=007  ta
=008  170605c20179999enkbr\p\\\\\\\0\\\a0eng\\
=022  0\$a2515-0413$202
=040  \\$aUk$beng$cUk$erda
=222  \0$aLittle buffalo magazine$b(Print)
=245  00$aLittle buffalo magazine.
=263  \\$a201708
=264  \1$aLondon :$bL. Burton
=310  \\$aBimonthly
=336  \\$atext$2rdacontent
=337  \\$aunmediated$2rdamedia
=338  \\$avolume$2rdacarrier
=776  08$iAlso issued online as:$tLittle buffalo magazine$x2515-0421
=985  \\$aLDO SERIALS - PLEASE PASS ALL ITEMS RECEIVED TO ISSN UK CENTRE.
=CAT  \\$a11313$b40$c20170605$lBLL01$h1332
=FMT  \\$a  SE
=LAS  \\$a11313$b40$c20170605$lBLL01$h1332
=LET  \0$aLittle buffalo magazine (Print)

