=LDR  00789 as a22002778i 4500
=001  018364913
=003  Uk
=005  20170606125011.0
=007  ta
=008  170606c20179999enkfr\p\\\\\\\0\\\a0eng\\
=022  0\$a2515-043X$202
=040  \\$aUk$beng$cUk$erda
=222  \0$aTings London$b(Print)
=245  00$aTings London.
=263  \\$a201706
=264  \1$aLondon :$bTings London Ltd
=310  \\$aSemiannual
=336  \\$atext$2rdacontent
=337  \\$aunmediated$2rdamedia
=338  \\$avolume$2rdacarrier
=776  08$iAlso issued online as:$tTings London$x2515-0448
=985  \\$aLDO SERIALS - PLEASE PASS ALL ITEMS RECEIVED TO ISSN UK CENTRE.
=CAT  \\$a11313$b40$c20170606$lBLL01$h1250
=FMT  \\$a  SE
=LAS  \\$a11313$b40$c20170606$lBLL01$h1250
=LET  \0$aTings London (Print)

