=LDR  01158 as a22003018i 4500
=001  018369757
=003  Uk
=005  20181217133854.0
=007  ta
=008  170607c20199999enkmx\p\\\\\\\0\\\a0eng\\
=022  0\$a2515-1312$202
=040  \\$aUk$beng$cUk$erda
=222  \0$aNatural capital in the Caribbean and South Atlantic Overseas Territories$b(Print)
=245  00$aNatural capital in the Caribbean and South Atlantic Overseas Territories.
=263  \\$a201901
=264  \1$aPeterborough :$bJoint Nature Conservation Committee
=310  \\$aTen times a year
=336  \\$atext$2rdacontent
=337  \\$aunmediated$2rdamedia
=338  \\$avolume$2rdacarrier
=776  08$iAlso issued online as:$tNatural capital in the Caribbean and South Atlantic Overseas Territories$x2515-1320
=985  \\$aLDO SERIALS - PLEASE PASS ALL ITEMS RECEIVED TO ISSN UK CENTRE.
=CAT  \\$a11205$b40$c20170607$lBLL01$h1558
=CAT  \\$a11130$b40$c20170918$lBLL01$h1402
=CAT  \\$a11130$b40$c20181217$lBLL01$h1338
=FMT  \\$a  SE
=LAS  \\$a11130$b40$c20181217$lBLL01$h1338
=LET  \0$aNatural capital in the Caribbean and South Atlantic Overseas Territories (Print)

