=LDR  00784 as a22002778i 4500
=001  018378474
=003  Uk
=005  20180207141058.0
=007  ta
=008  170614c20179999enkar\p\\\\\\\0\\\a0eng\\
=022  0\$a2515-2246$202
=040  \\$aUk$beng$cUk$erda
=222  \0$aCarnet de voyage$b(Qualify)
=245  00$aCarnet de voyage.
=263  \\$a201804
=264  \1$aLondon :$bAurelie Guichard
=310  \\$aAnnual
=336  \\$atext$2rdacontent
=337  \\$aunmediated$2rdamedia
=338  \\$avolume$2rdacarrier
=985  \\$aLDO SERIALS - PLEASE PASS ALL ITEMS RECEIVED TO ISSN UK CENTRE.
=CAT  \\$a11205$b40$c20170614$lBLL01$h1510
=CAT  \\$a10973$b40$c20180207$lBLL01$h1410
=FMT  \\$a  SE
=LAS  \\$a10973$b40$c20180207$lBLL01$h1410
=LET  \0$aCarnet de voyage (Print)

