=LDR  00910 as a22003018i 4500
=001  018383000
=003  Uk
=005  20210315113109.0
=007  ta
=008  170619c20229999stkbr\p\\\\\\\0\\\a0eng\\
=022  0\$a2515-1975$202
=040  \\$aUk$beng$cUk$erda
=222  \0$aPhoto studio news$b(Print)
=245  00$aPhoto studio news.
=263  \\$a202209
=264  \1$aKelso :$bIcon Publications Ltd
=310  \\$aBimonthly
=336  \\$atext$2rdacontent
=337  \\$aunmediated$2rdamedia
=338  \\$avolume$2rdacarrier
=776  08$iAlso issued online as:$tPhoto studio news$x2515-1983
=985  \\$aLDO SERIALS - PLEASE PASS ALL ITEMS RECEIVED TO ISSN UK CENTRE.
=CAT  \\$a11313$b40$c20170619$lBLL01$h1016
=CAT  \\$a11130$b40$c20180115$lBLL01$h1448
=CAT  \\$a11130$b40$c20210315$lBLL01$h1131
=FMT  \\$a  SE
=LAS  \\$a11130$b40$c20210315$lBLL01$h1131
=LET  \0$aPhoto studio news (Print)

