=LDR  01568cas a22003978i 4500
=001  018387828
=003  Uk
=005  20230210011354.0
=007  ta
=008  170621c20189999enkfr\p\\\\\\\0\\\a0eng\\
=022  0\$a2515-2106$202
=040  \\$aUk$beng$cUk$erda
=222  \0$aGroundings$b(Qualify)
=245  00$aGroundings.
=263  \\$a201804
=264  \1$aLondon :$bPluto Journals
=336  \\$atext$2rdacontent
=337  \\$aunmediated$2rdamedia
=338  \\$avolume$2rdacarrier
=540  \\$aCurrent Copyright Fee: GBP15.00$c0$5Uk
=985  \\$aISSN UK Centre note: On receipt of print issue please notify ISSN team. Online version (ISSN 2573-069X) may need to be transferred to UK Centre.
=985  \\$aPrinted copy of 3/1 (2018) requested from Pluto (Richard, 13/12/21).
=985  \\$aLDO SERIALS - PLEASE PASS ALL ITEMS RECEIVED TO ISSN UK CENTRE.
=ACF  \\$aPrevious Copyright Fee: GBP15.00$c0$e01-jul-2019$fGBP15.00$g0$hC$5Uk
=CAT  \\$a10973$b40$c20170621$lBLL01$h1126
=CAT  \\$aBATCH-CLA$b00$c20190531$lBLL01$h1623
=CAT  \\$aIPL-CLA$c20190630$lBLL01$h1549
=CAT  \\$a10806$b40$c20211213$lBLL01$h1341
=CAT  \\$aBATCH-CLA$b00$c20221130$lBLL01$h1419
=CAT  \\$aIPL-CLA$c20221231$lBLL01$h2341
=CAT  \\$aBATCH-CLA$b00$c20230209$lBLL01$h1507
=CAT  \\$aIPL-CLA$c20230210$lBLL01$h0113
=CFI  0\$aCurrent Copyright Fee: GBP15.00$c0$e09-feb-2023$fGBP15.00$g0$hC$5Uk
=CFI  2\$aBritish Library not licensed to copy$c0$e01-jan-2023$hC$iCFP Excluded$5Uk
=FMT  \\$a  SE
=LAS  \\$aIPL-CLA$b00$c20230210$lBLL01$h0113

