=LDR  00739 as a22002658i 4500
=001  018390746
=003  Uk
=005  20170623134753.0
=007  ta
=008  170623c20179999enkmr\p\\\\\\\0\\\a0eng\\
=022  0\$a2515-2378$202
=040  \\$aUk$beng$cUk$erda
=222  \0$aEssex style$b(Qualify)
=245  00$aEssex style.
=263  \\$a201709
=264  \1$aHorsham :$bBig Little Media Ltd
=310  \\$aMonthly
=336  \\$atext$2rdacontent
=337  \\$aunmediated$2rdamedia
=338  \\$avolume$2rdacarrier
=985  \\$aLDO SERIALS - PLEASE PASS ALL ITEMS RECEIVED TO ISSN UK CENTRE.
=CAT  \\$a11205$b40$c20170623$lBLL01$h1344
=CAT  \\$a11205$b40$c20170623$lBLL01$h1347
=FMT  \\$a  SE
=LAS  \\$a11205$b40$c20170623$lBLL01$h1347

