=LDR  00834 as a22002778i 4500
=001  018394471
=003  Uk
=005  20180309114223.0
=007  ta
=008  170626c20199999enkqr\p\\\\\\\0\\\a0eng\\
=022  0\$a2515-2203$202
=040  \\$aUk$beng$cUk$erda
=222  \4$aThe journal of GP appraisal
=245  04$aThe journal of GP appraisal.
=246  3\$aJournal of general practitioner appraisal
=263  \\$a201905
=264  \1$aLondon :$bPractitioner Medical Publishing Ltd
=310  \\$aQuarterly
=336  \\$atext$2rdacontent
=337  \\$aunmediated$2rdamedia
=338  \\$avolume$2rdacarrier
=985  \\$aLDO SERIALS - PLEASE PASS ALL ITEMS RECEIVED TO ISSN UK CENTRE.
=CAT  \\$a11313$b40$c20170626$lBLL01$h1534
=CAT  \\$a11130$b40$c20180309$lBLL01$h1142
=FMT  \\$a  SE
=LAS  \\$a11130$b40$c20180309$lBLL01$h1142

