=LDR  00843 as a22002898i 4500
=001  018398270
=003  Uk
=005  20170704110908.0
=007  ta
=008  170629c20179999enkfr\p\\\\\\\0\\\a0eng\\
=022  0\$a2515-2483$202
=040  \\$aUk$beng$cUk$erda
=222  \0$aLien gwerin
=245  00$aLien gwerin.
=263  \\$a201707
=264  \1$aHellandbridge :$bCornish Folklore - Lien Gwerinek a Gernow
=310  \\$aSemiannual
=336  \\$atext$2rdacontent
=337  \\$aunmediated$2rdamedia
=338  \\$avolume$2rdacarrier
=985  \\$aLDO SERIALS - PLEASE PASS ALL ITEMS RECEIVED TO ISSN UK CENTRE.
=CAT  \\$a11205$b40$c20170629$lBLL01$h0935
=CAT  \\$a10806$b40$c20170704$lBLL01$h1108
=CAT  \\$a10806$b40$c20170704$lBLL01$h1109
=FMT  \\$a  SE
=LAS  \\$a10806$b40$c20170704$lBLL01$h1109
=LET  \0$aLien gwerin (Print)

