=LDR  00701 as a22002658i 4500
=001  018398313
=003  Uk
=005  20170629105133.0
=007  ta
=008  170629c20189999enkfr\p\\\\\\\0\\\a0eng\\
=022  0\$a2515-2491$202
=040  \\$aUk$beng$cUk$erda
=222  \0$aEgress
=245  00$aEgress.
=263  \\$a201804
=264  \1$aStroud :$bLittle Island Press
=310  \\$aSemiannual
=336  \\$atext$2rdacontent
=337  \\$aunmediated$2rdamedia
=338  \\$avolume$2rdacarrier
=985  \\$aLDO SERIALS - PLEASE PASS ALL ITEMS RECEIVED TO ISSN UK CENTRE.
=CAT  \\$a11205$b40$c20170629$lBLL01$h1051
=FMT  \\$a  SE
=LAS  \\$a11205$b40$c20170629$lBLL01$h1051
=LET  \0$aEgress (Print)

