=LDR  00992 as a22003138i 4500
=001  018398439
=003  Uk
=005  20190626150536.0
=007  ta
=008  170629c20169999enkqr\m\\\\\\\0\\\a0eng\\
=022  0\$a2515-2548$202
=040  \\$aUk$beng$cUk$erda
=222  \0$aIPR policy brief$b(Print)
=245  00$aIPR policy brief.
=246  3\$aInstitute for Policy Research policy brief
=263  \\$a201606
=264  \1$aBath :$bUniversity of Bath, Institute for Policy Research
=310  \\$aQuarterly
=336  \\$atext$2rdacontent
=337  \\$aunmediated$2rdamedia
=338  \\$avolume$2rdacarrier
=985  \\$aLDO SERIALS - PLEASE PASS ALL ITEMS RECEIVED TO ISSN UK CENTRE.
=985  \\$aPlease link to ISSN 2515-2556 (Online) on completion
=CAT  \\$a11205$b40$c20170629$lBLL01$h1233
=CAT  \\$a5997$b40$c20190625$lBLL01$h1154
=CAT  \\$a10806$b40$c20190626$lBLL01$h1505
=FMT  \\$a  SE
=LAS  \\$a10806$b40$c20190626$lBLL01$h1505
=LET  \0$aIPR policy brief (Print)

