=LDR  00708 as a22002538i 4500
=001  018411936
=003  Uk
=005  20170705155613.0
=007  ta
=008  170705c20179999enkqr\p\\\\\\\0\\\a0eng\\
=022  0\$a2515-2610$202
=040  \\$aUk$beng$cUk$erda
=222  \0$aAmazing destinations
=245  00$aAmazing destinations.
=263  \\$a201709
=264  \1$aShenfield :$bCreative Path Marketing Ltd
=310  \\$aQuarterly
=336  \\$atext$2rdacontent
=337  \\$aunmediated$2rdamedia
=338  \\$avolume$2rdacarrier
=985  \\$aLDO SERIALS - PLEASE PASS ALL ITEMS RECEIVED TO ISSN UK CENTRE.
=CAT  \\$a10973$b40$c20170705$lBLL01$h1556
=FMT  \\$a  SE
=LAS  \\$a10973$b40$c20170705$lBLL01$h1556

