=LDR  01819cas a22004578i 4500
=001  018413008
=003  Uk
=005  20230210011355.0
=007  ta
=008  170706c20199999enkmr\p\\\\\\\0\\\a0eng\\
=022  0\$a2515-317X$202
=040  \\$aUk$beng$cUk$erda
=222  \0$aCovet magazine$b(Print)
=245  00$aCovet magazine.
=263  \\$a201905
=264  \1$aIlford :$bCovet Publications
=310  \\$aMonthly
=336  \\$atext$2rdacontent
=337  \\$aunmediated$2rdamedia
=338  \\$avolume$2rdacarrier
=540  \\$aCurrent Copyright Fee: GBP25.00$c0$5Uk
=776  08$iAlso issued online as:$tCovet magazine$x2515-3188
=985  \\$aLDO SERIALS - PLEASE PASS ALL ITEMS RECEIVED TO ISSN UK CENTRE.
=985  \\$aISSN UK Centre note: Originally applied for using the publisher name Vogue Africa. Changed to Covet Publications, 17.09.2018.
=985  \\$aISSN UK Centre note: title changed in advance of publication from 'Vogue Africa' to 'Covet magazine'.
=ACF  \\$aPrevious Copyright Fee: GBP22.50$c0$e01-jul-2021$fGBP22.50$g0$hC$5Uk
=CAT  \\$a11313$b40$c20170706$lBLL01$h1321
=CAT  \\$a11130$b40$c20171204$lBLL01$h1106
=CAT  \\$a11313$b40$c20180917$lBLL01$h1118
=CAT  \\$a10973$b40$c20190307$lBLL01$h1430
=CAT  \\$aBATCH-CLA$b00$c20210528$lBLL01$h1526
=CAT  \\$aIPL-CLA$c20210704$lBLL01$h1127
=CAT  \\$aBATCH-CLA$b00$c20221130$lBLL01$h1444
=CAT  \\$aIPL-CLA$c20221231$lBLL01$h2342
=CAT  \\$aBATCH-CLA$b00$c20230209$lBLL01$h1531
=CAT  \\$aIPL-CLA$c20230210$lBLL01$h0113
=CFI  0\$aCurrent Copyright Fee: GBP25.00$c0$e09-feb-2023$fGBP25.00$g0$hC$5Uk
=CFI  2\$aBritish Library not licensed to copy$c0$e01-jan-2023$hC$iCFP Excluded$5Uk
=FMT  \\$a  SE
=LAS  \\$aIPL-CLA$b00$c20230210$lBLL01$h0113
=LET  \0$aCovet magazine (Print)

