=LDR  00934 as a22002898i 4500
=001  018413180
=003  Uk
=005  20170717084453.0
=007  ta
=008  170706c20179999enkqr\p\\\\\\\0\\\a0eng\\
=022  0\$a2515-3196$202
=040  \\$aUk$beng$cUk$erda
=222  \0$aBunbury magazine$b(Print)
=245  00$aBunbury magazine.
=263  \\$a201712
=264  \1$aBury :$bBunbury Publishing Ltd
=310  \\$aQuarterly
=336  \\$atext$2rdacontent
=337  \\$aunmediated$2rdamedia
=338  \\$avolume$2rdacarrier
=985  \\$aISSN UK Centre note: See also online version, ISSN 2515-320X - please add 776 fields when completing print. ISSN UK, 17.07.2017.
=985  \\$aLDO SERIALS - PLEASE PASS ALL ITEMS RECEIVED TO ISSN UK CENTRE.
=CAT  \\$a11313$b40$c20170706$lBLL01$h1524
=CAT  \\$a11313$b40$c20170717$lBLL01$h0844
=FMT  \\$a  SE
=LAS  \\$a11313$b40$c20170717$lBLL01$h0844
=LET  \0$aBunbury magazine (Print)

