=LDR  00767 as a22002658i 4500
=001  018424856
=003  Uk
=005  20170713143848.0
=007  ta
=008  170713c20179999enkar\\\\\\\\\0\\\a0eng\\
=022  0\$a2515-4028$202
=040  \\$aUk$beng$cUk$erda
=222  \0$aAsda special selection sudoku
=245  00$aAsda special selection sudoku.
=263  \\$a201711
=264  \1$aLondon :$bEye to Eye Media Ltd
=310  \\$aAnnual
=336  \\$atext$2rdacontent
=337  \\$aunmediated$2rdamedia
=338  \\$avolume$2rdacarrier
=985  \\$aLDO SERIALS - PLEASE PASS ALL ITEMS RECEIVED TO ISSN UK CENTRE.
=CAT  \\$a11205$b40$c20170713$lBLL01$h1438
=FMT  \\$a  SE
=LAS  \\$a11205$b40$c20170713$lBLL01$h1438
=LET  \0$aAsda special selection sudoku (Print)

