=LDR  00727 as a22002658i 4500
=001  018442378
=003  Uk
=005  20170728144845.0
=007  ta
=008  170728c20179999enkar\p\\\\\\\0\\\a0eng\\
=022  0\$a2515-0677$202
=040  \\$aUk$beng$cUk$erda
=222  \0$aLow light magazine
=245  00$aLow light magazine.
=263  \\$a201711
=264  \1$aMansfield :$bHi Vis Press
=310  \\$aAnnual
=336  \\$atext$2rdacontent
=337  \\$aunmediated$2rdamedia
=338  \\$avolume$2rdacarrier
=985  \\$aLDO SERIALS - PLEASE PASS ALL ITEMS RECEIVED TO ISSN UK CENTRE.
=CAT  \\$a7152$b40$c20170728$lBLL01$h1448
=FMT  \\$a  SE
=LAS  \\$a7152$b40$c20170728$lBLL01$h1448
=LET  \0$aLow light magazine (Print)

