=LDR  00701 as a22002538i 4500
=001  018454296
=003  Uk
=005  20170803141949.0
=007  ta
=008  170803c20179999enkfr\p\\\\\\\0\\\a0eng\\
=022  0\$a2515-5121$202
=040  \\$aUk$beng$cUk$erda
=222  \0$aOmnom magazine
=245  00$aOmnom magazine.
=263  \\$a201709
=264  \1$aPainswick :$bB McCabe & H Murphy Partnership
=310  \\$aSemiannual
=336  \\$atext$2rdacontent
=337  \\$aunmediated$2rdamedia
=338  \\$avolume$2rdacarrier
=985  \\$aLDO SERIALS - PLEASE PASS ALL ITEMS RECEIVED TO ISSN UK CENTRE.
=CAT  \\$a11205$b40$c20170803$lBLL01$h1419
=FMT  \\$a  SE
=LAS  \\$a11205$b40$c20170803$lBLL01$h1419

