=LDR  00932 as a22002778i 4500
=001  018457834
=003  Uk
=005  20170808161041.0
=007  ta
=008  170808c20169999enkqr\p\\\\\\\0\\\a0eng\\
=022  0\$a2515-4672$202
=040  \\$aUk$beng$cUk$erda
=222  \4$aThe hectic vegan$b(Print)
=245  04$aThe hectic vegan.
=263  \\$a201709
=264  \1$aHitchin :$bThe Hectic Vegan
=310  \\$aQuarterly
=336  \\$atext$2rdacontent
=337  \\$aunmediated$2rdamedia
=338  \\$avolume$2rdacarrier
=985  \\$aISSN UK Centre note: first two issued published online only. Due to be printed from issue 3, please see online version (ISSN 2515-4680) and add 776 to both records on completion.
=985  \\$aLDO SERIALS - PLEASE PASS ALL ITEMS RECEIVED TO ISSN UK CENTRE.
=CAT  \\$a10973$b40$c20170808$lBLL01$h1610
=FMT  \\$a  SE
=LAS  \\$a10973$b40$c20170808$lBLL01$h1610
=LET  \4$aThe hectic vegan (Print)

