=LDR  00716 as a22002658i 4500
=001  018464942
=003  Uk
=005  20170810141844.0
=007  ta
=008  170810c20179999enkmr\p\\\\\\\0\\\a0eng\\
=022  0\$a2515-5539$202
=040  \\$aUk$beng$cUk$erda
=222  \0$aFrench monthly
=245  00$aFrench monthly.
=263  \\$a201709
=264  \1$a[Cheltenham] :$bArchant
=310  \\$aMonthly
=336  \\$atext$2rdacontent
=337  \\$aunmediated$2rdamedia
=338  \\$avolume$2rdacarrier
=985  \\$aLDO SERIALS - PLEASE PASS ALL ITEMS RECEIVED TO ISSN UK CENTRE.
=CAT  \\$a11205$b40$c20170810$lBLL01$h1418
=FMT  \\$a  SE
=LAS  \\$a11205$b40$c20170810$lBLL01$h1418
=LET  \0$aFrench monthly (Print)

