=LDR  00720 as a22002658i 4500
=001  018464966
=003  Uk
=005  20170810143735.0
=007  ta
=008  170810c20189999enkfr\p\\\\\\\0\\\a0eng\\
=022  0\$a2515-5547$202
=040  \\$aUk$beng$cUk$erda
=222  \4$aThe artful eater
=245  04$aThe artful eater.
=263  \\$a201803
=264  \1$aLondon :$bMr Flynn
=310  \\$aSemiannual
=336  \\$atext$2rdacontent
=337  \\$aunmediated$2rdamedia
=338  \\$avolume$2rdacarrier
=985  \\$aLDO SERIALS - PLEASE PASS ALL ITEMS RECEIVED TO ISSN UK CENTRE.
=CAT  \\$a11205$b40$c20170810$lBLL01$h1437
=FMT  \\$a  SE
=LAS  \\$a11205$b40$c20170810$lBLL01$h1437
=LET  \4$aThe artful eater (Print)

