=LDR  00765 as a22002778i 4500
=001  018465015
=003  Uk
=005  20170811144233.0
=007  ta
=008  170810c20179999enkmr\p\\\\\\\0\\\a0eng\\
=022  0\$a2515-5563$202
=040  \\$aUk$beng$cUk$erda
=222  \0$aWeekender$b(Qualify)
=245  00$aWeekender.
=263  \\$a201710
=264  \1$aHorsham :$bBig Little Media
=310  \\$aMonthly
=336  \\$atext$2rdacontent
=337  \\$aunmediated$2rdamedia
=338  \\$avolume$2rdacarrier
=985  \\$aLDO SERIALS - PLEASE PASS ALL ITEMS RECEIVED TO ISSN UK CENTRE.
=CAT  \\$a11205$b40$c20170810$lBLL01$h1615
=CAT  \\$a11205$b40$c20170811$lBLL01$h1442
=FMT  \\$a  SE
=LAS  \\$a11205$b40$c20170811$lBLL01$h1442
=LET  \0$aWeekender (Print)

