=LDR  00739 as a22002658i 4500
=001  018465649
=003  Uk
=005  20171211120057.0
=007  ta
=008  170811c20189999enkqr\p\\\\\\\0\\\a0eng\\
=022  0\$a2515-2785$202
=040  \\$aUk$beng$cUk$erda
=222  \0$aeSports series
=245  00$aeSports series.
=263  \\$a201805
=264  \1$aCoulsdon :$bMillcrest Distribution
=310  \\$aQuarterly
=336  \\$atext$2rdacontent
=337  \\$aunmediated$2rdamedia
=338  \\$avolume$2rdacarrier
=985  \\$aLDO SERIALS - PLEASE PASS ALL ITEMS RECEIVED TO ISSN UK CENTRE.
=CAT  \\$a10973$b40$c20170811$lBLL01$h1006
=CAT  \\$a11130$b40$c20171211$lBLL01$h1200
=FMT  \\$a  SE
=LAS  \\$a11130$b40$c20171211$lBLL01$h1200

