=LDR  00812 as a22002778i 4500
=001  018470544
=003  Uk
=005  20171211115956.0
=007  ta
=008  170816c20189999enkfr\p\\\\\\\0\\\a0eng\\
=022  0\$a2515-2874$202
=040  \\$aUk$beng$cUk$erda
=222  \0$aDogs poster series special
=245  00$aDogs poster series special.
=263  \\$a201805
=264  \1$aLondon :$bMillcrest Distribution
=310  \\$aSemiannual
=336  \\$atext$2rdacontent
=337  \\$aunmediated$2rdamedia
=338  \\$avolume$2rdacarrier
=985  \\$aLDO SERIALS - PLEASE PASS ALL ITEMS RECEIVED TO ISSN UK CENTRE.
=CAT  \\$a7152$b40$c20170816$lBLL01$h1157
=CAT  \\$a11130$b40$c20171211$lBLL01$h1159
=FMT  \\$a  SE
=LAS  \\$a11130$b40$c20171211$lBLL01$h1159
=LET  \0$aDogs poster series special (Print)

