=LDR  00899 as a22002778i 4500
=001  018471948
=003  Uk
=005  20170822161424.0
=007  ta
=008  170818c20189999enkfr\p\\\\\\\0\\\a0eng\\
=022  0\$a2515-2882$202
=040  \\$aUk$beng$cUk$erda
=222  \0$aNeedle felting special edition
=245  00$aNeedle felting special edition.
=263  \\$a201802
=264  \1$aBolton :$bR. Williamson
=310  \\$aSemiannual
=336  \\$atext$2rdacontent
=337  \\$aunmediated$2rdamedia
=338  \\$avolume$2rdacarrier
=985  \\$aISSN UK Centre note: publisher confirms 'special edition' will be part of the title on all issues - see file for details.
=985  \\$aLDO SERIALS - PLEASE PASS ALL ITEMS RECEIVED TO ISSN UK CENTRE.
=CAT  \\$a10973$b40$c20170818$lBLL01$h1106
=CAT  \\$a10973$b40$c20170822$lBLL01$h1614
=FMT  \\$a  SE
=LAS  \\$a10973$b40$c20170822$lBLL01$h1614

