=LDR  00676 as a22002538i 4500
=001  018475138
=003  Uk
=005  20170821104916.0
=007  ta
=008  170821c20179999enkfr\p\\\\\\\0\\\a0eng\\
=022  0\$a2515-2890$202
=040  \\$aUk$beng$cUk$erda
=222  \0$aLondnr magazine
=245  00$aLondnr magazine.
=263  \\$a201711
=264  \1$aLondon :$bJ Crump
=310  \\$aSemiannual
=336  \\$atext$2rdacontent
=337  \\$aunmediated$2rdamedia
=338  \\$avolume$2rdacarrier
=985  \\$aLDO SERIALS - PLEASE PASS ALL ITEMS RECEIVED TO ISSN UK CENTRE.
=CAT  \\$a10973$b40$c20170821$lBLL01$h1049
=FMT  \\$a  SE
=LAS  \\$a10973$b40$c20170821$lBLL01$h1049

