=LDR  00975 as a22003018i 4500
=001  018480861
=003  Uk
=005  20210427154602.0
=007  ta
=008  170825c20189999enkbr\p\\\\\\\0\\\a0eng\\
=022  0\$a2515-6128$202
=040  \\$aUk$beng$cUk$erda
=222  \0$aModern dentist magazine$b(Print)
=245  00$aModern dentist magazine.
=263  \\$a201801
=264  \1$aRipon :$bCharlton Grant Ltd
=310  \\$aBimonthly
=336  \\$atext$2rdacontent
=337  \\$aunmediated$2rdamedia
=338  \\$avolume$2rdacarrier
=985  \\$aISSN UK Centre: see also online version, ISSN 2515-6136. Please add 776 to both records on completion.
=985  \\$aLDO SERIALS - PLEASE PASS ALL ITEMS RECEIVED TO ISSN UK CENTRE.
=CAT  \\$a10973$b40$c20170825$lBLL01$h0840
=CAT  \\$a11130$b40$c20171120$lBLL01$h1032
=CAT  \\$a10973$b40$c20210427$lBLL01$h1546
=FMT  \\$a  SE
=LAS  \\$a10973$b40$c20210427$lBLL01$h1546
=LET  \0$aModern dentist magazine (Print)

