=LDR  00830 as a22002898i 4500
=001  018480883
=003  Uk
=005  20171204110512.0
=007  ta
=008  170825c20189999enkqr\p\\\\\\\0\\\a0eng\\
=022  0\$a2515-6144$202
=040  \\$aUk$beng$cUk$erda
=222  \0$aHorse life$b(Print)
=245  00$aHorse life.
=263  \\$a201804
=264  \1$aRipon :$bCharlton Grant Ltd
=310  \\$aQuarterly
=336  \\$atext$2rdacontent
=337  \\$aunmediated$2rdamedia
=338  \\$avolume$2rdacarrier
=776  08$iAlso issued online as:$tHorse life$x2515-6152
=985  \\$aLDO SERIALS - PLEASE PASS ALL ITEMS RECEIVED TO ISSN UK CENTRE.
=CAT  \\$a10973$b40$c20170825$lBLL01$h0906
=CAT  \\$a11130$b40$c20171204$lBLL01$h1105
=FMT  \\$a  SE
=LAS  \\$a11130$b40$c20171204$lBLL01$h1105
=LET  \0$aHorse life (Print)

