=LDR  00819 as a22002658i 4500
=001  018482497
=003  Uk
=005  20170829114929.0
=007  ta
=008  170829c20179999enkfr\p\\\\\\\0\\\a0eng\\
=022  0\$a2515-6187$202
=040  \\$aUk$beng$cUk$erda
=222  \4$aThe roundtable journal
=245  04$aThe roundtable journal.
=263  \\$a201710
=264  \1$aLondon :$bA. Bamgboye
=310  \\$aSemiannual
=336  \\$atext$2rdacontent
=337  \\$aunmediated$2rdamedia
=338  \\$avolume$2rdacarrier
=985  \\$aLDO SERIALS - PLEASE PASS ALL ITEMS RECEIVED TO ISSN UK CENTRE.
=985  \\$aISSN UK Centre note: issue 1 was published in digital format only. All subsequent issues will be print only.
=CAT  \\$a10973$b40$c20170829$lBLL01$h1149
=FMT  \\$a  SE
=LAS  \\$a10973$b40$c20170829$lBLL01$h1149

