=LDR  00701 as a22002538i 4500
=001  018492446
=003  Uk
=005  20170905105133.0
=007  ta
=008  170905c20179999enkqr\p\\\\\\\0\\\a0eng\\
=022  0\$a2515-5326$202
=040  \\$aUk$beng$cUk$erda
=222  \0$aIn the name of the voice
=245  00$aIn the name of the voice.
=263  \\$a201710
=264  \1$aSouthampton :$bM. Leivers
=310  \\$aQuarterly
=336  \\$atext$2rdacontent
=337  \\$aunmediated$2rdamedia
=338  \\$avolume$2rdacarrier
=985  \\$aLDO SERIALS - PLEASE PASS ALL ITEMS RECEIVED TO ISSN UK CENTRE.
=CAT  \\$a11313$b40$c20170905$lBLL01$h1051
=FMT  \\$a  SE
=LAS  \\$a11313$b40$c20170905$lBLL01$h1051

