=LDR  00754 as a22002658i 4500
=001  018499808
=003  Uk
=005  20170906135127.0
=007  ta
=008  170906c20179999enkqr\p\\\\\\\0\\\a0eng\\
=022  0\$a2515-6500$202
=040  \\$aUk$beng$cUk$erda
=222  \0$aQuarterfold primer
=245  00$aQuarterfold primer.
=263  \\$a201710
=264  \1$aManchester :$bCraig Oldham/Common Practices Ltd
=310  \\$aQuarterly
=336  \\$atext$2rdacontent
=337  \\$aunmediated$2rdamedia
=338  \\$avolume$2rdacarrier
=985  \\$aLDO SERIALS - PLEASE PASS ALL ITEMS RECEIVED TO ISSN UK CENTRE.
=CAT  \\$a11205$b40$c20170906$lBLL01$h1351
=FMT  \\$a  SE
=LAS  \\$a11205$b40$c20170906$lBLL01$h1351
=LET  \0$aQuarterfold primer (Print)

