=LDR  00768 as a22002778i 4500
=001  018499832
=003  Uk
=005  20171211102021.0
=007  ta
=008  170906c20189999enkqr\p\\\\\\\0\\\a0eng\\
=022  0\$a2515-6519$202
=040  \\$aUk$beng$cUk$erda
=222  \0$aDiversity watch
=245  00$aDiversity watch.
=263  \\$a201803
=264  \1$aSouthsea :$bKen Giami
=310  \\$aQuarterly
=336  \\$atext$2rdacontent
=337  \\$aunmediated$2rdamedia
=338  \\$avolume$2rdacarrier
=985  \\$aLDO SERIALS - PLEASE PASS ALL ITEMS RECEIVED TO ISSN UK CENTRE.
=CAT  \\$a11205$b40$c20170906$lBLL01$h1421
=CAT  \\$a11130$b40$c20171211$lBLL01$h1020
=FMT  \\$a  SE
=LAS  \\$a11130$b40$c20171211$lBLL01$h1020
=LET  \0$aDiversity watch (Print)

