=LDR  00727 as a22002538i 4500
=001  018499943
=003  Uk
=005  20170906164025.0
=007  ta
=008  170906c20179999enkdr\n\\\\\\\0\\\a0eng\\
=022  0\$a2515-6535$202
=040  \\$aUk$beng$cUk$erda
=222  \0$aWestern daily press$b(Gloucestershire ed.)
=245  00$aWestern daily press.
=263  \\$a201710
=264  \1$aBristol :$bBristol News & Media
=310  \\$aDaily (Weekdays)
=336  \\$atext$2rdacontent
=337  \\$aunmediated$2rdamedia
=338  \\$avolume$2rdacarrier
=985  \\$aLDO SERIALS - PLEASE PASS ALL ITEMS RECEIVED TO ISSN UK CENTRE.
=CAT  \\$a11205$b40$c20170906$lBLL01$h1640
=FMT  \\$a  SE
=LAS  \\$a11205$b40$c20170906$lBLL01$h1640

