=LDR  00823 as a22002898i 4500
=001  018508037
=003  Uk
=005  20170912095746.0
=007  ta
=008  170912c20179999enkbr\p\\\\\\\0\\\a0eng\\
=022  0\$a2515-6667$202
=040  \\$aUk$beng$cUk$erda
=222  \0$aFROW magazine$b(Print)
=245  00$aFROW magazine.
=246  3\$aFront row magazine
=263  \\$a201710
=264  \1$aBirmingham :$bL. Grant
=310  \\$aBimonthly
=336  \\$atext$2rdacontent
=337  \\$aunmediated$2rdamedia
=338  \\$avolume$2rdacarrier
=776  08$iAlso issued online as:$tFROW magazine$x2515-6675
=985  \\$aLDO SERIALS - PLEASE PASS ALL ITEMS RECEIVED TO ISSN UK CENTRE.
=CAT  \\$a10806$b40$c20170912$lBLL01$h0957
=FMT  \\$a  SE
=LAS  \\$a10806$b40$c20170912$lBLL01$h0957
=LET  \0$aFROW magazine (Print)

