=LDR  00688 as a22002538i 4500
=001  018512371
=003  Uk
=005  20170914101242.0
=007  ta
=008  170914c20179999enktr\p\\\\\\\0\\\a0eng\\
=022  0\$a2515-5415$202
=040  \\$aUk$beng$cUk$erda
=222  \0$aOchre press
=245  00$aOchre press.
=263  \\$a201711
=264  \1$aTunbridge Wells :$bN. Tinley
=310  \\$aThree issues yearly
=336  \\$atext$2rdacontent
=337  \\$aunmediated$2rdamedia
=338  \\$avolume$2rdacarrier
=985  \\$aLDO SERIALS - PLEASE PASS ALL ITEMS RECEIVED TO ISSN UK CENTRE.
=CAT  \\$a11313$b40$c20170914$lBLL01$h1012
=FMT  \\$a  SE
=LAS  \\$a11313$b40$c20170914$lBLL01$h1012

