=LDR  00795 as a22002658i 4500
=001  018514413
=003  Uk
=005  20170915103054.0
=007  ta
=008  170915c20179999enkqr\p\\\\\\\0\\\a0eng\\
=022  0\$a2515-5423$202
=040  \\$aUk$beng$cUk$erda
=222  \0$aLEAD: Leadership for equality and diversity
=245  00$aLEAD: Leadership for equality and diversity.
=246  13$aLeadership for equality and diversity
=263  \\$a201709
=264  \1$aLondon :$bBaxter Publishing
=310  \\$aQuarterly
=336  \\$atext$2rdacontent
=337  \\$aunmediated$2rdamedia
=338  \\$avolume$2rdacarrier
=985  \\$aLDO SERIALS - PLEASE PASS ALL ITEMS RECEIVED TO ISSN UK CENTRE.
=CAT  \\$a11313$b40$c20170915$lBLL01$h1030
=FMT  \\$a  SE
=LAS  \\$a11313$b40$c20170915$lBLL01$h1030

