=LDR  01024 as a22003018i 4500
=001  018519933
=003  Uk
=005  20170921163050.0
=007  ta
=008  170920c20179999enkmr\p\\\\\\\0\\\a0eng\\
=022  0\$a2515-6314$202
=040  \\$aUk$beng$cUk$erda
=222  \0$aAbsolute return$b(Qualify. Print)
=245  00$aAbsolute return.
=263  \\$a201710
=264  \1$aLondon :$bPageant Media
=310  \\$aMonthly
=336  \\$atext$2rdacontent
=337  \\$aunmediated$2rdamedia
=338  \\$avolume$2rdacarrier
=776  08$iAlso issued online as:$tAbsolute return$x2515-6322
=985  \\$aHas complicated previous title history - consider links/qualfication of KT when completing. Also see correspondence in pending file. ISSN UK Centre 20.9.17
=985  \\$aLDO SERIALS - PLEASE PASS ALL ITEMS RECEIVED TO ISSN UK CENTRE.
=CAT  \\$a7152$b40$c20170920$lBLL01$h1331
=CAT  \\$a10973$b40$c20170921$lBLL01$h1630
=FMT  \\$a  SE
=LAS  \\$a10973$b40$c20170921$lBLL01$h1630
=LET  \0$aAbsolute return (Print)

