=LDR  00718 as a22002658i 4500
=001  018520061
=003  Uk
=005  20170920153710.0
=007  ta
=008  170920c20179999enkqr\p\\\\\\\0\\\a0eng\\
=022  0\$a2515-7051$202
=040  \\$aUk$beng$cUk$erda
=222  \0$aJeTuNous
=245  00$aJeTuNous.
=263  \\$a201710
=264  \1$aAttleborough, Norfolk :$bLauren Du Bignon
=310  \\$aQuarterly
=336  \\$atext$2rdacontent
=337  \\$aunmediated$2rdamedia
=338  \\$avolume$2rdacarrier
=985  \\$aLDO SERIALS - PLEASE PASS ALL ITEMS RECEIVED TO ISSN UK CENTRE.
=CAT  \\$a11205$b40$c20170920$lBLL01$h1537
=FMT  \\$a  SE
=LAS  \\$a11205$b40$c20170920$lBLL01$h1537
=LET  \0$aJeTuNous (Print)

