=LDR  00930 as a22003018i 4500
=001  018537111
=003  Uk
=005  20170927104703.0
=007  ta
=008  170927c20179999nikfr\p\\\\\\\0\\\a0eng\\
=022  0\$a2515-6896$202
=040  \\$aUk$beng$cUk$erda
=222  \0$aUlster tatler Newry life
=245  00$aUlster tatler Newry life.
=246  30$aNewry life
=263  \\$a201709
=264  \1$aBelfast :$bUlster Tatler Group
=310  \\$aSemiannual
=336  \\$atext$2rdacontent
=337  \\$aunmediated$2rdamedia
=338  \\$avolume$2rdacarrier
=985  \\$aLDO SERIALS - PLEASE PASS ALL ITEMS RECEIVED TO ISSN UK CENTRE.
=985  \\$aPlease link to sister publication, Ulster tatler (ISSN 0049-5107), on completion.
=CAT  \\$a10806$b40$c20170927$lBLL01$h0951
=CAT  \\$a10806$b40$c20170927$lBLL01$h0956
=CAT  \\$a10806$b40$c20170927$lBLL01$h1047
=FMT  \\$a  SE
=LAS  \\$a10806$b40$c20170927$lBLL01$h1047

