=LDR  00735 as a22002658i 4500
=001  018537186
=003  Uk
=005  20170927114310.0
=007  ta
=008  170927c20179999enkfr\p\\\\\\\0\\\a0eng\\
=022  0\$a2515-7329$202
=040  \\$aUk$beng$cUk$erda
=222  \0$aSculptorvox
=245  00$aSculptorvox.
=263  \\$a201711
=264  \1$aWest Bridgford, Nottingham :$bUrban Fugitive Ltd
=310  \\$aSemiannual
=336  \\$atext$2rdacontent
=337  \\$aunmediated$2rdamedia
=338  \\$avolume$2rdacarrier
=985  \\$aLDO SERIALS - PLEASE PASS ALL ITEMS RECEIVED TO ISSN UK CENTRE.
=CAT  \\$a11205$b40$c20170927$lBLL01$h1143
=FMT  \\$a  SE
=LAS  \\$a11205$b40$c20170927$lBLL01$h1143
=LET  \0$aSculptorvox (Print)

