=LDR  00701 as a22002538i 4500
=001  018537646
=003  Uk
=005  20170928093237.0
=007  ta
=008  170928c20179999enkqr\p\\\\\\\0\\\a0eng\\
=022  0\$a2515-6373$202
=040  \\$aUk$beng$cUk$erda
=222  \0$aUltimate slime school
=245  00$aUltimate slime school.
=263  \\$a201710
=264  \1$aLondon :$bKings Road Publishing
=310  \\$aQuarterly
=336  \\$atext$2rdacontent
=337  \\$aunmediated$2rdamedia
=338  \\$avolume$2rdacarrier
=985  \\$aLDO SERIALS - PLEASE PASS ALL ITEMS RECEIVED TO ISSN UK CENTRE.
=CAT  \\$a10973$b40$c20170928$lBLL01$h0932
=FMT  \\$a  SE
=LAS  \\$a10973$b40$c20170928$lBLL01$h0932

