=LDR  00708 as a22002538i 4500
=001  018540926
=003  Uk
=005  20171002154603.0
=007  ta
=008  171002c20179999enkfr\p\\\\\\\0\\\a0eng\\
=022  0\$a2515-7450$202
=040  \\$aUk$beng$cUk$erda
=222  \0$aPerfect bound$b(Qualify)
=245  00$aPerfect bound.
=263  \\$a201710
=264  \1$aRye, East Sussex :$bPerfect Bound Magazine
=310  \\$aSemiannual
=336  \\$atext$2rdacontent
=337  \\$aunmediated$2rdamedia
=338  \\$avolume$2rdacarrier
=985  \\$aLDO SERIALS - PLEASE PASS ALL ITEMS RECEIVED TO ISSN UK CENTRE.
=CAT  \\$a10806$b40$c20171002$lBLL01$h1546
=FMT  \\$a  SE
=LAS  \\$a10806$b40$c20171002$lBLL01$h1546

