=LDR  00658 as a22002538i 4500
=001  018541102
=003  Uk
=005  20171003074407.0
=007  ta
=008  171003c20179999enkar\p\\\\\\\0\\\a0eng\\
=022  0\$a2515-6934$202
=040  \\$aUk$beng$cUk$erda
=222  \0$aWulfe
=245  00$aWulfe.
=263  \\$a201712
=264  \1$aNottingham :$bD. Turner
=310  \\$aAnnual
=336  \\$atext$2rdacontent
=337  \\$aunmediated$2rdamedia
=338  \\$avolume$2rdacarrier
=985  \\$aLDO SERIALS - PLEASE PASS ALL ITEMS RECEIVED TO ISSN UK CENTRE.
=CAT  \\$a11313$b40$c20171003$lBLL01$h0744
=FMT  \\$a  SE
=LAS  \\$a11313$b40$c20171003$lBLL01$h0744

