=LDR  00815 as a22002778i 4500
=001  018541134
=003  Uk
=005  20190208125452.0
=007  ta
=008  171003c20179999enkbx\p\\\\\\\0\\\a0eng\\
=022  0\$a2515-6942$202
=040  \\$aUk$beng$cUk$erda
=222  \0$aPositive kids magazine$b(Print)
=245  00$aPositive kids magazine.
=263  \\$a201710
=264  \1$aWythall :$bPositive Publicity
=310  \\$aFive issues yearly
=336  \\$atext$2rdacontent
=337  \\$aunmediated$2rdamedia
=338  \\$avolume$2rdacarrier
=985  \\$aLDO SERIALS - PLEASE PASS ALL ITEMS RECEIVED TO ISSN UK CENTRE.
=CAT  \\$a11313$b40$c20171003$lBLL01$h1013
=CAT  \\$a11313$b40$c20190208$lBLL01$h1254
=FMT  \\$a  SE
=LAS  \\$a11313$b40$c20190208$lBLL01$h1254
=LET  \0$aPositive kids magazine (Print)

