=LDR  00673 as a22002538i 4500
=001  018546215
=003  Uk
=005  20171005160836.0
=007  ta
=008  171005c20179999enkbr\p\\\\\\\0\\\a0eng\\
=022  0\$a2515-8023$202
=040  \\$aUk$beng$cUk$erda
=222  \0$aDC team up
=245  00$aDC team up.
=263  \\$a201710
=264  \1$aLondon :$bTitan Books Ltd
=310  \\$aBimonthly
=336  \\$atext$2rdacontent
=337  \\$aunmediated$2rdamedia
=338  \\$avolume$2rdacarrier
=985  \\$aLDO SERIALS - PLEASE PASS ALL ITEMS RECEIVED TO ISSN UK CENTRE.
=CAT  \\$a10973$b40$c20171005$lBLL01$h1608
=FMT  \\$a  SE
=LAS  \\$a10973$b40$c20171005$lBLL01$h1608

