=LDR  00700 as a22002538i 4500
=001  018547357
=003  Uk
=005  20171006075847.0
=007  ta
=008  171006c20179999enkar\p\\\\\\\0\\\a0eng\\
=022  0\$a2515-804X$202
=040  \\$aUk$beng$cUk$erda
=222  \0$aChristmas puzzle crackers WHS
=245  00$aChristmas puzzle crackers WHS.
=263  \\$a201711
=264  \1$aLondon :$bH Bauer
=310  \\$aAnnual
=336  \\$atext$2rdacontent
=337  \\$aunmediated$2rdamedia
=338  \\$avolume$2rdacarrier
=985  \\$aLDO SERIALS - PLEASE PASS ALL ITEMS RECEIVED TO ISSN UK CENTRE.
=CAT  \\$a10973$b40$c20171006$lBLL01$h0758
=FMT  \\$a  SE
=LAS  \\$a10973$b40$c20171006$lBLL01$h0758

