=LDR  00701 as a22002658i 4500
=001  018547435
=003  Uk
=005  20171006121102.0
=007  ta
=008  171006c20179999enkfr\p\\\\\\\0\\\a0eng\\
=022  0\$a2515-8066$202
=040  \\$aUk$beng$cUk$erda
=222  \0$aChaos sixty nine
=245  00$aChaos sixty nine.
=246  3\$aChaos 69
=263  \\$a201711
=264  \1$aLondon :$bChaos
=310  \\$aSemiannual
=336  \\$atext$2rdacontent
=337  \\$aunmediated$2rdamedia
=338  \\$avolume$2rdacarrier
=985  \\$aLDO SERIALS - PLEASE PASS ALL ITEMS RECEIVED TO ISSN UK CENTRE.
=CAT  \\$a10973$b40$c20171006$lBLL01$h1211
=FMT  \\$a  SE
=LAS  \\$a10973$b40$c20171006$lBLL01$h1211

