=LDR  00897 as a22002778i 4500
=001  018549545
=003  Uk
=005  20171010091921.0
=007  ta
=008  171010c20179999enkmr\p\\\\\\\0\\\a0eng\\
=022  0\$a2515-7922$202
=040  \\$aUk$beng$cUk$erda
=222  \0$aAfghan-UK bridge$b(Print)
=245  00$aAfghan-UK bridge.
=263  \\$a201712
=264  \1$aLondon :$bAriane Brito News (AB News)
=310  \\$aMonthly
=336  \\$atext$2rdacontent
=337  \\$aunmediated$2rdamedia
=338  \\$avolume$2rdacarrier
=985  \\$aISSN UK Centre note: See also online version - ISSN 2515-7930. Please add 776 fields when completing print record. ISSN UK, 10.10.2017.
=985  \\$aLDO SERIALS - PLEASE PASS ALL ITEMS RECEIVED TO ISSN UK CENTRE.
=CAT  \\$a11313$b40$c20171010$lBLL01$h0919
=FMT  \\$a  SE
=LAS  \\$a11313$b40$c20171010$lBLL01$h0919
=LET  \0$aAfghan-UK bridge (Print)

