=LDR  00789 as a22002658i 4500
=001  018556023
=003  Uk
=005  20171017144018.0
=007  ta
=008  171017c20179999enkar\p\\\\\\\0\\\a0eng\\
=022  0\$a2515-8368$202
=040  \\$aUk$beng$cUk$erda
=222  \0$aYour health choices$b(Central London ed.)
=245  00$aYour health choices.
=263  \\$a201710
=264  \1$aSutton Coldfield :$bConsultant Forum UK Ltd
=310  \\$aAnnual
=336  \\$atext$2rdacontent
=337  \\$aunmediated$2rdamedia
=338  \\$avolume$2rdacarrier
=985  \\$aLDO SERIALS - PLEASE PASS ALL ITEMS RECEIVED TO ISSN UK CENTRE.
=CAT  \\$a11313$b40$c20171017$lBLL01$h1440
=FMT  \\$a  SE
=LAS  \\$a11313$b40$c20171017$lBLL01$h1440
=LET  \0$aYour health choices (Central London edition)

