=LDR  00820 as a22002778i 4500
=001  018559399
=003  Uk
=005  20171101153411.0
=007  ta
=008  171018c20179999enkqr\p\\\\\\\0\\\a0eng\\
=022  0\$a2515-6470$202
=040  \\$aUk$beng$cUk$erda
=222  \0$aAwesome guides
=245  00$aAwesome guides
=263  \\$a201711
=264  \1$aLondon :$bKings Road Publishing
=310  \\$aQuarterly
=336  \\$atext$2rdacontent
=337  \\$aunmediated$2rdamedia
=338  \\$avolume$2rdacarrier
=985  \\$aLDO SERIALS - PLEASE PASS ALL ITEMS RECEIVED TO ISSN UK CENTRE.
=985  \\$aISSN Centre note: Title changed ahead of publication from: Level up.
=CAT  \\$a10973$b40$c20171018$lBLL01$h1437
=CAT  \\$a11205$b40$c20171101$lBLL01$h1534
=FMT  \\$a  SE
=LAS  \\$a11205$b40$c20171101$lBLL01$h1534

