=LDR  00789 as a22002658i 4500
=001  018562000
=003  Uk
=005  20171019111219.0
=007  ta
=008  171019c20189999enkfr\p\\\\\\\0\\\a0eng\\
=022  0\$a2515-8627$202
=040  \\$aUk$beng$cUk$erda
=222  \0$aMorrisons best selection crosswords
=245  00$aMorrisons best selection crosswords.
=263  \\$a201801
=264  \1$aLondon :$bEye to Eye Media Ltd
=310  \\$aSemiannual
=336  \\$atext$2rdacontent
=337  \\$aunmediated$2rdamedia
=338  \\$avolume$2rdacarrier
=985  \\$aLDO SERIALS - PLEASE PASS ALL ITEMS RECEIVED TO ISSN UK CENTRE.
=CAT  \\$a11205$b40$c20171019$lBLL01$h1112
=FMT  \\$a  SE
=LAS  \\$a11205$b40$c20171019$lBLL01$h1112
=LET  \0$aMorrisons best selection crosswords (Print)

