=LDR  00766 as a22002658i 4500
=001  018570402
=003  Uk
=005  20171026111118.0
=007  ta
=008  171026c20189999stktr\p\\\\\\\0\\\a0eng\\
=022  0\$a2515-8740$202
=040  \\$aUk$beng$cUk$erda
=222  \0$aWzgorza smagane wiatrem
=245  00$aWzgorza smagane wiatrem.
=263  \\$a201801
=264  \1$aKelso :$bPuffin Print Limited
=310  \\$aThree times a year
=336  \\$atext$2rdacontent
=337  \\$aunmediated$2rdamedia
=338  \\$avolume$2rdacarrier
=985  \\$aLDO SERIALS - PLEASE PASS ALL ITEMS RECEIVED TO ISSN UK CENTRE.
=CAT  \\$a11205$b40$c20171026$lBLL01$h1111
=FMT  \\$a  SE
=LAS  \\$a11205$b40$c20171026$lBLL01$h1111
=LET  \0$aWzgorza smagane wiatrem (Print)

