=LDR  00921 as a22002658i 4500
=001  018570524
=003  Uk
=005  20171026133422.0
=007  ta
=008  171026c20189999enkar\p\\\\\\\0\\\a0eng\\
=022  0\$a2515-9038$202
=040  \\$aUk$beng$cUk$erda
=222  \0$aPasold studies in textile, dress and fashion history
=245  00$aPasold studies in textile, dress and fashion history.
=263  \\$a201805
=264  \1$aMartlesham :$bBoydell & Brewer Ltd
=310  \\$aAnnual
=336  \\$atext$2rdacontent
=337  \\$aunmediated$2rdamedia
=338  \\$avolume$2rdacarrier
=985  \\$aISSN UK Centre note: Related to, but not continuation of book series 'Pasold studies in textile history' ISSN 1368-7999. ISSN UK, 26.10.2017.
=985  \\$aLDO SERIALS - PLEASE PASS ALL ITEMS RECEIVED TO ISSN UK CENTRE.
=CAT  \\$a11313$b40$c20171026$lBLL01$h1334
=FMT  \\$a  SE
=LAS  \\$a11313$b40$c20171026$lBLL01$h1334

