=LDR  00848 as a22002658i 4500
=001  018580781
=003  Uk
=005  20171101095155.0
=007  ta
=008  171101c20189999enker\p\\\\\\\0\\\a0eng\\
=022  0\$a2515-8856$202
=040  \\$aUk$beng$cUk$erda
=222  \4$aThe wonders of ancient Egypt
=245  04$aThe wonders of ancient Egypt.
=263  \\$a201801
=264  \1$aLondon :$bDe Agostini UK Ltd
=310  \\$aBiweekly
=336  \\$atext$2rdacontent
=337  \\$aunmediated$2rdamedia
=338  \\$avolume$2rdacarrier
=985  \\$aLDO SERIALS - PLEASE PASS ALL ITEMS RECEIVED TO ISSN UK CENTRE.
=985  \\$aISSN Centre note/information from publisher: To be published fortnightly for the first 8 issues, then weekly thereafter.
=CAT  \\$a11205$b40$c20171101$lBLL01$h0951
=FMT  \\$a  SE
=LAS  \\$a11205$b40$c20171101$lBLL01$h0951

