=LDR  00728 as a22002658i 4500
=001  018580887
=003  Uk
=005  20171101142438.0
=007  ta
=008  171101c20179999enkfr\p\\\\\\\0\\\a0eng\\
=022  0\$a2515-9178$202
=040  \\$aUk$beng$cUk$erda
=222  \0$aHiggs magazine
=245  00$aHiggs magazine.
=263  \\$a201712
=264  \1$aLondon :$bM. Beaussart
=310  \\$aSemiannual
=336  \\$atext$2rdacontent
=337  \\$aunmediated$2rdamedia
=338  \\$avolume$2rdacarrier
=985  \\$aLDO SERIALS - PLEASE PASS ALL ITEMS RECEIVED TO ISSN UK CENTRE.
=CAT  \\$a10973$b40$c20171101$lBLL01$h1404
=CAT  \\$a10973$b40$c20171101$lBLL01$h1424
=FMT  \\$a  SE
=LAS  \\$a10973$b40$c20171101$lBLL01$h1424

