=LDR  00767 as a22002778i 4500
=001  018586353
=003  Uk
=005  20210527080932.0
=007  ta
=008  171106c20229999enkar\p\\\\\\\0\\\a0eng\\
=022  0\$a2516-0028$202
=040  \\$aUk$beng$cUk$erda
=222  \0$aRome 423-1929
=245  00$aRome 423-1929.
=246  13$aRome 423 to 1929
=263  \\$a202203
=264  \1$aBurford :$bDavenant Press (Oxford)
=310  \\$aAnnual
=336  \\$atext$2rdacontent
=337  \\$aunmediated$2rdamedia
=338  \\$avolume$2rdacarrier
=985  \\$aLDO SERIALS - PLEASE PASS ALL ITEMS RECEIVED TO ISSN UK CENTRE.
=CAT  \\$a11313$b40$c20171106$lBLL01$h1041
=CAT  \\$a11130$b40$c20210527$lBLL01$h0809
=FMT  \\$a  SE
=LAS  \\$a11130$b40$c20210527$lBLL01$h0809

