=LDR  00707 as a22002538i 4500
=001  018586452
=003  Uk
=005  20171106115119.0
=007  ta
=008  171106c20179999enkqr\p\\\\\\\0\\\a0eng\\
=022  0\$a2515-9275$202
=040  \\$aUk$beng$cUk$erda
=222  \0$aIn business network
=245  00$aIn business network.
=263  \\$a201712
=264  \1$aPoole, Dorset :$bIndependent News Limited
=310  \\$aQuarterly
=336  \\$atext$2rdacontent
=337  \\$aunmediated$2rdamedia
=338  \\$avolume$2rdacarrier
=985  \\$aLDO SERIALS - PLEASE PASS ALL ITEMS RECEIVED TO ISSN UK CENTRE.
=CAT  \\$a10806$b40$c20171106$lBLL01$h1151
=FMT  \\$a  SE
=LAS  \\$a10806$b40$c20171106$lBLL01$h1151

