=LDR  00897 as a22002778i 4500
=001  018594648
=003  Uk
=005  20171108160627.0
=007  ta
=008  171108c20179999enkqr\p\\\\\\\0\\\a0eng\\
=022  0\$a2515-9356$202
=040  \\$aUk$beng$cUk$erda
=222  \0$aBusiness vision$b(Croydon. Print)
=245  00$aBusiness vision.
=263  \\$a201711
=264  \1$aCroydon :$bBusiness Vision
=310  \\$aQuarterly
=336  \\$atext$2rdacontent
=337  \\$aunmediated$2rdamedia
=338  \\$avolume$2rdacarrier
=985  \\$aISSN Centre note: ISSN 2515-9348 (Online) already published. Please add reciprocal 776 fields on completion and check key title qualifier.
=985  \\$aLDO SERIALS - PLEASE PASS ALL ITEMS RECEIVED TO ISSN UK CENTRE.
=CAT  \\$a11205$b40$c20171108$lBLL01$h1606
=FMT  \\$a  SE
=LAS  \\$a11205$b40$c20171108$lBLL01$h1606
=LET  \0$aBusiness vision (Print)

