=LDR  00730 as a22002658i 4500
=001  018610513
=003  Uk
=005  20171115115152.0
=007  ta
=008  171115c20189999nikar\p\\\\\\\0\\\a0eng\\
=022  0\$a2515-9747$202
=040  \\$aUk$beng$cUk$erda
=222  \0$aTotal racing
=245  00$aTotal racing.
=263  \\$a201801
=264  \1$aBelfast :$bProfile Publishing and Design Ltd
=310  \\$aAnnual
=336  \\$atext$2rdacontent
=337  \\$aunmediated$2rdamedia
=338  \\$avolume$2rdacarrier
=985  \\$aLDO SERIALS - PLEASE PASS ALL ITEMS RECEIVED TO ISSN UK CENTRE.
=CAT  \\$a11205$b40$c20171115$lBLL01$h1151
=FMT  \\$a  SE
=LAS  \\$a11205$b40$c20171115$lBLL01$h1151
=LET  \0$aTotal racing (Print)

