=LDR  00889 as a22002898i 4500
=001  018610652
=003  Uk
=005  20171115153338.0
=007  ta
=008  171115c20199999enk\x\m\\\\\\\0\\\a0eng\\
=022  0\$a2515-9771$202
=040  \\$aUk$beng$cUk$erda
=222  \4$aThe ICE handbook series$b(Print)
=245  04$aThe ICE handbook series.
=246  3\$aInstitution of Civil Engineers handbook series
=263  \\$a201903
=264  \1$aLondon :$bICE Publishing
=310  \\$aIrregular
=336  \\$atext$2rdacontent
=337  \\$aunmediated$2rdamedia
=338  \\$avolume$2rdacarrier
=776  08$iAlso issued online as:$tICE handbook series$x2515-978X
=985  \\$aLDO SERIALS - PLEASE PASS ALL ITEMS RECEIVED TO ISSN UK CENTRE.
=CAT  \\$a11205$b40$c20171115$lBLL01$h1533
=FMT  \\$a  SE
=LAS  \\$a11205$b40$c20171115$lBLL01$h1533
=LET  \4$aThe ICE handbook series (Print)

