=LDR  00794 as a22002658i 4500
=001  018610717
=003  Uk
=005  20171115164441.0
=007  ta
=008  171115c20189999enker\p\\\\\\\0\\\a0eng\\
=022  0\$a2515-9798$202
=040  \\$aUk$beng$cUk$erda
=222  \4$aThe cars that defined British motoring
=245  04$aThe cars that defined British motoring.
=263  \\$a201802
=264  \1$aLondon :$bHachette Partworks
=310  \\$aBiweekly
=336  \\$atext$2rdacontent
=337  \\$aunmediated$2rdamedia
=338  \\$avolume$2rdacarrier
=985  \\$aLDO SERIALS - PLEASE PASS ALL ITEMS RECEIVED TO ISSN UK CENTRE.
=CAT  \\$a11205$b40$c20171115$lBLL01$h1644
=FMT  \\$a  SE
=LAS  \\$a11205$b40$c20171115$lBLL01$h1644
=LET  \4$aThe cars that defined British motoring (Print)

