=LDR  00725 as a22002538i 4500
=001  018611396
=003  Uk
=005  20171116153836.0
=007  ta
=008  171116c20189999enkar\p\\\\\\\0\\\a0eng\\
=022  0\$a2516-0303$202
=040  \\$aUk$beng$cUk$erda
=222  \0$a101 greatest travel experiences
=245  00$a101 greatest travel experiences.
=263  \\$a201801
=264  \1$aWindsor :$bWanderlust Publications Ltd
=310  \\$aAnnual
=336  \\$atext$2rdacontent
=337  \\$aunmediated$2rdamedia
=338  \\$avolume$2rdacarrier
=985  \\$aLDO SERIALS - PLEASE PASS ALL ITEMS RECEIVED TO ISSN UK CENTRE.
=CAT  \\$a11313$b40$c20171116$lBLL01$h1538
=FMT  \\$a  SE
=LAS  \\$a11313$b40$c20171116$lBLL01$h1538

