=LDR  00959 as a22002658i 4500
=001  018611922
=003  Uk
=005  20171117162612.0
=007  ta
=008  171117c20189999enkar\p\\\\\\\0\\\a0eng\\
=022  0\$a2515-768X$202
=040  \\$aUk$beng$cUk$erda
=222  \0$aGardens illustrated year of plants
=245  00$aGardens illustrated year of plants
=263  \\$a201803
=264  \1$aBristol :$bImmediate Media
=310  \\$aAnnual
=336  \\$atext$2rdacontent
=337  \\$aunmediated$2rdamedia
=338  \\$avolume$2rdacarrier
=985  \\$aISSN UK Centre: issue published in 2013 with this title was produced as a special edition to main magazine title 'Gardens illustrated' (see monograph record) - assigned pre-pub to annual issues from 2018 - see file for info.
=985  \\$aLDO SERIALS - PLEASE PASS ALL ITEMS RECEIVED TO ISSN UK CENTRE.
=CAT  \\$a10973$b40$c20171117$lBLL01$h1626
=FMT  \\$a  SE
=LAS  \\$a10973$b40$c20171117$lBLL01$h1626

