=LDR  00852 as a22002898i 4500
=001  018618859
=003  Uk
=005  20191009143436.0
=007  ta
=008  171123c20179999enkqr\p\\\\\\\0\\\a0eng\\
=022  0\$a2515-9941$202
=040  \\$aUk$beng$cUk$erda
=222  \0$aSpeciality chemicals world
=245  00$aSpeciality chemicals world.
=263  \\$a201712
=264  \1$aLondon :$bSpeciality World Media Ltd
=310  \\$aQuarterly
=336  \\$atext$2rdacontent
=337  \\$aunmediated$2rdamedia
=338  \\$avolume$2rdacarrier
=785  00$tCKH global$x2516-4481
=985  \\$aLDO SERIALS - PLEASE PASS ALL ITEMS RECEIVED TO ISSN UK CENTRE.
=CAT  \\$a10806$b40$c20171123$lBLL01$h0913
=CAT  \\$a8323$b40$c20191009$lBLL01$h1434
=FMT  \\$a  SE
=LAS  \\$a8323$b40$c20191009$lBLL01$h1434
=LET  \0$aSpeciality chemicals world (Print)

