=LDR  00717 as a22002658i 4500
=001  018619074
=003  Uk
=005  20171123131900.0
=007  ta
=008  171123c20179999enkqr\p\\\\\\\0\\\a0eng\\
=022  0\$a2515-9968$202
=040  \\$aUk$beng$cUk$erda
=222  \0$a54 North
=245  00$a54 North.
=246  3\$a54 Degrees North
=263  \\$a201712
=264  \1$aEvesham, Worcestershire :$bR. Riches
=310  \\$aQuarterly
=336  \\$atext$2rdacontent
=337  \\$aunmediated$2rdamedia
=338  \\$avolume$2rdacarrier
=985  \\$aLDO SERIALS - PLEASE PASS ALL ITEMS RECEIVED TO ISSN UK CENTRE.
=CAT  \\$a10806$b40$c20171123$lBLL01$h1319
=FMT  \\$a  SE
=LAS  \\$a10806$b40$c20171123$lBLL01$h1319

