=LDR  00712 as a22002538i 4500
=001  018622687
=003  Uk
=005  20171127091840.0
=007  ta
=008  171127c20189999enker\p\\\\\\\0\\\a0eng\\
=022  0\$a2516-0397$202
=040  \\$aUk$beng$cUk$erda
=222  \0$aWarhammer 40,000 - Conquest
=245  00$aWarhammer 40,000 - Conquest.
=263  \\$a201802
=264  \1$aLondon :$bHachette Partworks
=310  \\$aFortnightly
=336  \\$atext$2rdacontent
=337  \\$aunmediated$2rdamedia
=338  \\$avolume$2rdacarrier
=985  \\$aLDO SERIALS - PLEASE PASS ALL ITEMS RECEIVED TO ISSN UK CENTRE.
=CAT  \\$a11313$b40$c20171127$lBLL01$h0918
=FMT  \\$a  SE
=LAS  \\$a11313$b40$c20171127$lBLL01$h0918

