=LDR  00677 as a22002538i 4500
=001  018623251
=003  Uk
=005  20171128080547.0
=007  ta
=008  171128c20189999enkbr\p\\\\\\\0\\\a0eng\\
=022  0\$a2516-0427$202
=040  \\$aUk$beng$cUk$erda
=222  \0$aDC spotlight
=245  00$aDC spotlight.
=263  \\$a201803
=264  \1$aLondon :$bTitan Books Ltd
=310  \\$aBimonthly
=336  \\$atext$2rdacontent
=337  \\$aunmediated$2rdamedia
=338  \\$avolume$2rdacarrier
=985  \\$aLDO SERIALS - PLEASE PASS ALL ITEMS RECEIVED TO ISSN UK CENTRE.
=CAT  \\$a11313$b40$c20171128$lBLL01$h0805
=FMT  \\$a  SE
=LAS  \\$a11313$b40$c20171128$lBLL01$h0805

