=LDR  00723 as a22002658i 4500
=001  018627011
=003  Uk
=005  20171129125342.0
=007  ta
=008  171129c20189999enkqr\p\\\\\\\0\\\a0eng\\
=022  0\$a2516-0575$202
=040  \\$aUk$beng$cUk$erda
=222  \0$aWell balanced
=245  00$aWell balanced.
=263  \\$a201801
=264  \1$aLondon :$bKings Road Publishing
=310  \\$aQuarterly
=336  \\$atext$2rdacontent
=337  \\$aunmediated$2rdamedia
=338  \\$avolume$2rdacarrier
=985  \\$aLDO SERIALS - PLEASE PASS ALL ITEMS RECEIVED TO ISSN UK CENTRE.
=CAT  \\$a11205$b40$c20171129$lBLL01$h1253
=FMT  \\$a  SE
=LAS  \\$a11205$b40$c20171129$lBLL01$h1253
=LET  \0$aWell balanced (Print)

