=LDR  00710 as a22002658i 4500
=001  018627691
=003  Uk
=005  20171130143211.0
=007  ta
=008  171130c20179999enkar\p\\\\\\\0\\\a0eng\\
=022  0\$a2516-0672$202
=040  \\$aUk$beng$cUk$erda
=222  \0$aEvidence III
=245  00$aEvidence III.
=263  \\$a201711
=264  \1$aLondon :$bBased Upon Ltd
=310  \\$aAnnual
=336  \\$atext$2rdacontent
=337  \\$aunmediated$2rdamedia
=338  \\$avolume$2rdacarrier
=985  \\$aLDO SERIALS - PLEASE PASS ALL ITEMS RECEIVED TO ISSN UK CENTRE.
=CAT  \\$a11205$b40$c20171130$lBLL01$h1432
=FMT  \\$a  SE
=LAS  \\$a11205$b40$c20171130$lBLL01$h1432
=LET  \0$aEvidence III (Print)

