=LDR  00774 as a22002538i 4500
=001  018639537
=003  Uk
=005  20171206113840.0
=007  ta
=008  171206c20189999enkmx\p\\\\\\\0\\\a0eng\\
=022  0\$a2516-1008$202
=040  \\$aUk$beng$cUk$erda
=222  \4$aThe world at war German forces and equipment 1930-45
=245  04$aThe world at war German forces and equipment 1930-45.
=263  \\$a201802
=264  \1$aBletchley :$bGuideline Publications
=310  \\$aTen times a year
=336  \\$atext$2rdacontent
=337  \\$aunmediated$2rdamedia
=338  \\$avolume$2rdacarrier
=985  \\$aLDO SERIALS - PLEASE PASS ALL ITEMS RECEIVED TO ISSN UK CENTRE.
=CAT  \\$a11205$b40$c20171206$lBLL01$h1138
=FMT  \\$a  SE
=LAS  \\$a11205$b40$c20171206$lBLL01$h1138

