=LDR  00787 as a22002658i 4500
=001  018644366
=003  Uk
=005  20171211153336.0
=007  ta
=008  171211c20189999enker\p\\\\\\\0\\\a0eng\\
=022  0\$a2516-0885$202
=040  \\$aUk$beng$cUk$erda
=222  \0$a100 years of the RAF collection
=245  00$a100 years of the RAF collection.
=246  3\$aOne hundred years of the Royal Air Force collection
=263  \\$a201802
=264  \1$aSt Albans :$bIdealistic Ltd
=310  \\$aFortnightly
=336  \\$atext$2rdacontent
=337  \\$aunmediated$2rdamedia
=338  \\$avolume$2rdacarrier
=985  \\$aLDO SERIALS - PLEASE PASS ALL ITEMS RECEIVED TO ISSN UK CENTRE.
=CAT  \\$a11313$b40$c20171211$lBLL01$h1533
=FMT  \\$a  SE
=LAS  \\$a11313$b40$c20171211$lBLL01$h1533

