=LDR  00840 as a22002778i 4500
=001  018648552
=003  Uk
=005  20190118114922.0
=007  ta
=008  171214c20199999enkar\\\\\\\\\0\\\a0eng\\
=022  0\$a2516-1326$202
=040  \\$aUk$beng$cUk$erda
=222  \0$aWho's who legal. Thought leaders - IP
=245  00$aWho's who legal.$pThought leaders - IP.
=263  \\$a201911
=264  \1$aLondon :$bLaw Business Research
=310  \\$aAnnual
=336  \\$atext$2rdacontent
=337  \\$aunmediated$2rdamedia
=338  \\$avolume$2rdacarrier
=985  \\$aLDO SERIALS - PLEASE PASS ALL ITEMS RECEIVED TO ISSN UK CENTRE.
=CAT  \\$a11205$b40$c20171214$lBLL01$h1415
=CAT  \\$a7152$b40$c20190118$lBLL01$h1149
=FMT  \\$a  SE
=LAS  \\$a7152$b40$c20190118$lBLL01$h1149
=LET  \0$aWho's who legal. Thought leaders - IP (Print)

