=LDR  00688 as a22002538i 4500
=001  018654022
=003  Uk
=005  20171220135321.0
=007  ta
=008  171220c20189999enkbr\p\\\\\\\0\\\a0eng\\
=022  0\$a2515-950X$202
=040  \\$aUk$beng$cUk$erda
=222  \0$aAll things$b(Qualify)
=245  00$aAll things.
=263  \\$a201802
=264  \1$aBristol :$bKennedy Publishing
=310  \\$aBimonthly
=336  \\$atext$2rdacontent
=337  \\$aunmediated$2rdamedia
=338  \\$avolume$2rdacarrier
=985  \\$aLDO SERIALS - PLEASE PASS ALL ITEMS RECEIVED TO ISSN UK CENTRE.
=CAT  \\$a10973$b40$c20171220$lBLL01$h1353
=FMT  \\$a  SE
=LAS  \\$a10973$b40$c20171220$lBLL01$h1353

