=LDR  00905 as a22003018i 4500
=001  018669837
=003  Uk
=005  20201021163627.0
=007  ta
=008  180104c20219999enkmr\p\\\\\\\0\\\a0eng\\
=022  0\$a2516-1512$202
=040  \\$aUk$beng$cUk$erda
=222  \4$aThe globe newspaper$b(Print)
=245  04$aThe globe newspaper.
=263  \\$a202004
=264  \1$aLaunceston :$bS. Oakley
=310  \\$aMonthly
=336  \\$atext$2rdacontent
=337  \\$aunmediated$2rdamedia
=338  \\$avolume$2rdacarrier
=776  08$iAlso issued online as:$tGlobe newspaper$x2516-1520
=985  \\$aLDO SERIALS - PLEASE PASS ALL ITEMS RECEIVED TO ISSN UK CENTRE.
=CAT  \\$a11313$b40$c20180104$lBLL01$h1133
=CAT  \\$a11130$b40$c20190523$lBLL01$h1612
=CAT  \\$a11130$b40$c20201021$lBLL01$h1636
=FMT  \\$a  SE
=LAS  \\$a11130$b40$c20201021$lBLL01$h1636
=LET  \4$aThe globe newspaper (Print)

