=LDR  00816 as a22002778i 4500
=001  018669994
=003  Uk
=005  20180219085119.0
=007  ta
=008  180104c20189999niktr\p\\\\\\\0\\\a0eng\\
=022  0\$a2516-1539$202
=040  \\$aUk$beng$cUk$erda
=222  \0$aDestination Northern Ireland
=245  00$aDestination Northern Ireland.
=263  \\$a201803
=264  \1$aBelfast :$bB News NI Ltd
=310  \\$aThree issues yearly
=336  \\$atext$2rdacontent
=337  \\$aunmediated$2rdamedia
=338  \\$avolume$2rdacarrier
=985  \\$aLDO SERIALS - PLEASE PASS ALL ITEMS RECEIVED TO ISSN UK CENTRE.
=CAT  \\$a11313$b40$c20180104$lBLL01$h1342
=CAT  \\$a11130$b40$c20180119$lBLL01$h1350
=CAT  \\$a11130$b40$c20180219$lBLL01$h0851
=FMT  \\$a  SE
=LAS  \\$a11130$b40$c20180219$lBLL01$h0851

