=LDR  00735 as a22002658i 4500
=001  018670160
=003  Uk
=005  20181025112042.0
=007  ta
=008  180104c20199999enkwr\p\\\\\\\0\\\a0eng\\
=022  0\$a2515-9518$202
=040  \\$aUk$beng$cUk$erda
=222  \0$aBecoming heroes
=245  00$aBecoming heroes.
=263  \\$a201901
=264  \1$aLondon :$bHothouse Developments
=310  \\$aWeekly
=336  \\$atext$2rdacontent
=337  \\$aunmediated$2rdamedia
=338  \\$avolume$2rdacarrier
=985  \\$aLDO SERIALS - PLEASE PASS ALL ITEMS RECEIVED TO ISSN UK CENTRE.
=CAT  \\$a10973$b40$c20180104$lBLL01$h1547
=CAT  \\$a11313$b40$c20181025$lBLL01$h1120
=FMT  \\$a  SE
=LAS  \\$a11313$b40$c20181025$lBLL01$h1120

