=LDR  00810 as a22002778i 4500
=001  018685931
=003  Uk
=005  20180118115646.0
=007  ta
=008  180118c20189999enk\x\p\\\\\\\0\\\a0eng\\
=022  0\$a2516-2241$202
=040  \\$aUk$beng$cUk$erda
=222  \0$aNew affinis watch$b(Print)
=245  00$aNew affinis watch.
=263  \\$a201802
=264  \1$aStowmarket :$bDryopteris.org
=310  \\$aIrregular
=336  \\$atext$2rdacontent
=337  \\$aunmediated$2rdamedia
=338  \\$avolume$2rdacarrier
=776  08$iAlso issued online as:$tNew affinis watch$x2516-225X
=985  \\$aLDO SERIALS - PLEASE PASS ALL ITEMS RECEIVED TO ISSN UK CENTRE.
=CAT  \\$a11313$b40$c20180118$lBLL01$h1156
=FMT  \\$a  SE
=LAS  \\$a11313$b40$c20180118$lBLL01$h1156
=LET  \0$aNew affinis watch (Print)

