=LDR  00688 as a22002538i 4500
=001  018691397
=003  Uk
=005  20180122115641.0
=007  ta
=008  180122c20189999enkwr\n\\\\\\\0\\\a0eng\\
=022  0\$a2516-2357$202
=040  \\$aUk$beng$cUk$erda
=222  \0$aDorset dispatch
=245  00$aDorset dispatch.
=263  \\$a201802
=264  \1$aWeymouth :$bNewsquest Media Group
=310  \\$aWeekly
=336  \\$atext$2rdacontent
=337  \\$aunmediated$2rdamedia
=338  \\$avolume$2rdacarrier
=985  \\$aLDO SERIALS - PLEASE PASS ALL ITEMS RECEIVED TO ISSN UK CENTRE.
=CAT  \\$a11313$b40$c20180122$lBLL01$h1156
=FMT  \\$a  SE
=LAS  \\$a11313$b40$c20180122$lBLL01$h1156

