=LDR  00738 as a22002538i 4500
=001  018692260
=003  Uk
=005  20180123083315.0
=007  ta
=008  180123c20189999enker\p\\\\\\\0\\\a0eng\\
=022  0\$a2516-2470$202
=040  \\$aUk$beng$cUk$erda
=222  \0$aBuild the Imperial Star Destroyer Devastator
=245  00$aBuild the Imperial Star Destroyer Devastator.
=263  \\$a201809
=264  \1$aLondon :$bDeAgostini
=310  \\$aFortnightly
=336  \\$atext$2rdacontent
=337  \\$aunmediated$2rdamedia
=338  \\$avolume$2rdacarrier
=985  \\$aLDO SERIALS - PLEASE PASS ALL ITEMS RECEIVED TO ISSN UK CENTRE.
=CAT  \\$a11313$b40$c20180123$lBLL01$h0833
=FMT  \\$a  SE
=LAS  \\$a11313$b40$c20180123$lBLL01$h0833

