=LDR  00820 as a22002778i 4500
=001  018692363
=003  Uk
=005  20180123112540.0
=007  ta
=008  180123c20189999enkqr\m\\\\\\\0\\\a0eng\\
=015  \\$aGBB817066$2bnb
=022  0\$a2516-2756$202
=040  \\$aUk$beng$cUk$erda
=222  \0$aCake decorating party-time
=245  00$aCake decorating party-time.
=263  \\$a201805
=264  \1$aLondon :$bDeAgostini
=310  \\$aQuarterly
=336  \\$atext$2rdacontent
=337  \\$aunmediated$2rdamedia
=338  \\$avolume$2rdacarrier
=985  \\$aISSN UK Centre ntoe: due to be monograph in series. ISSN UK, 23.01.2018.
=985  \\$aLDO SERIALS - PLEASE PASS ALL ITEMS RECEIVED TO ISSN UK CENTRE.
=CAT  \\$a11313$b40$c20180123$lBLL01$h1125
=FMT  \\$a  SE
=LAS  \\$a11313$b40$c20180123$lBLL01$h1125

