=LDR  00780 as a22002658i 4500
=001  018694703
=003  Uk
=005  20180124114036.0
=007  ta
=008  180124c20189999enkar\p\\\\\\\0\\\a0eng\\
=022  0\$a2516-2586$202
=040  \\$aUk$beng$cUk$erda
=222  \0$aOptiko analogue photography journal
=245  00$aOptiko analogue photography journal.
=263  \\$a201802
=264  \1$aIpswich :$bOptiko Journal
=310  \\$aAnnual
=336  \\$atext$2rdacontent
=337  \\$aunmediated$2rdamedia
=338  \\$avolume$2rdacarrier
=985  \\$aLDO SERIALS - PLEASE PASS ALL ITEMS RECEIVED TO ISSN UK CENTRE.
=CAT  \\$a11205$b40$c20180124$lBLL01$h1140
=FMT  \\$a  SE
=LAS  \\$a11205$b40$c20180124$lBLL01$h1140
=LET  \0$aOptiko analogue photography journal (Print)

