=LDR  01134 as a22003018i 4500
=001  018694794
=003  Uk
=005  20180518144223.0
=007  ta
=008  180124c20199999enkar\p\\\\\\\0\\\a0eng\\
=022  0\$a2516-287X$202
=040  \\$aUk$beng$cUk$erda
=222  \0$aEthnographic encounters$b(Print)
=245  00$aEthnographic encounters.
=263  \\$a201902
=264  \1$aSt Andrews :$bDepartment of Social Anthropology
=310  \\$aAnnual
=336  \\$atext$2rdacontent
=337  \\$aunmediated$2rdamedia
=338  \\$avolume$2rdacarrier
=985  \\$aISSN UK Centre: See also existing online version (ISSN 2051-1353) which has been published since 2012. Printed version to begin in 2018 and will follow numbering of online resource - first issue to be volume 8.
=985  \\$aISSN UK Centre note: please add 776 to both records on completion.
=985  \\$aLDO SERIALS - PLEASE PASS ALL ITEMS RECEIVED TO ISSN UK CENTRE.
=CAT  \\$a10973$b40$c20180124$lBLL01$h1403
=CAT  \\$a11130$b40$c20180518$lBLL01$h1442
=FMT  \\$a  SE
=LAS  \\$a11130$b40$c20180518$lBLL01$h1442
=LET  \0$aEthnographic encounters (Print)

