=LDR  01008 as a22002778i 4500
=001  018695951
=003  Uk
=005  20200916101009.0
=007  ta
=008  180125c20219999enktr\p\\\\\\\0\\\a0eng\\
=022  0\$a2516-2896$202
=040  \\$aUk$beng$cUk$erda
=222  \0$aAfrican journal of international law and political science
=245  00$aAfrican journal of international law and political science.
=263  \\$a202109
=264  \1$aLondon :$bISAL Publications Limited
=310  \\$aThree issues yearly
=336  \\$atext$2rdacontent
=337  \\$aunmediated$2rdamedia
=338  \\$avolume$2rdacarrier
=985  \\$aISSN UK Centre note: C/T from African journal of international law (ISSN 1011-663X) - please add 78X and LKR fields when completing. ISSN UK, 25.01.2018.
=985  \\$aLDO SERIALS - PLEASE PASS ALL ITEMS RECEIVED TO ISSN UK CENTRE.
=CAT  \\$a11313$b40$c20180125$lBLL01$h0854
=CAT  \\$a11130$b40$c20200916$lBLL01$h1010
=FMT  \\$a  SE
=LAS  \\$a11130$b40$c20200916$lBLL01$h1010

