=LDR  00763 as a22002778i 4500
=001  018696010
=003  Uk
=005  20191129140103.0
=007  ta
=008  180125c20189999enktr\p\\\\\\\0\\\a0eng\\
=022  0\$a2516-290X$202
=040  \\$aUk$beng$cUk$erda
=222  \0$aFutch
=245  00$aFutch.
=263  \\$a201802
=264  \1$aLondon :$b2KI Ltd
=310  \\$aThree issues yearly
=336  \\$atext$2rdacontent
=337  \\$aunmediated$2rdamedia
=338  \\$avolume$2rdacarrier
=985  \\$aLDO SERIALS - PLEASE PASS ALL ITEMS RECEIVED TO ISSN UK CENTRE.
=CAT  \\$a11313$b40$c20180125$lBLL01$h1047
=CAT  \\$a11130$b40$c20191129$lBLL01$h1359
=CAT  \\$a11130$b40$c20191129$lBLL01$h1401
=FMT  \\$a  SE
=LAS  \\$a11130$b40$c20191129$lBLL01$h1401

