=LDR  01091 as a22003138i 4500
=001  018696173
=003  Uk
=005  20180125142734.0
=007  ta
=008  180125c20189999enkar\p\\\\\\\0\\\a0eng\\
=022  0\$a2516-2683$202
=040  \\$aUk$beng$cUk$erda
=222  \0$aWho's who legal. Environment & climate
=245  00$aWho's who legal.$pEnvironment & climate.
=246  3\$aWho's who legal.$pEnvironment and climate
=246  30$aEnvironment & climate
=263  \\$a201809
=264  \1$aLondon :$bLaw Business Research
=310  \\$aAnnual
=336  \\$atext$2rdacontent
=337  \\$aunmediated$2rdamedia
=338  \\$avolume$2rdacarrier
=985  \\$aLDO SERIALS - PLEASE PASS ALL ITEMS RECEIVED TO ISSN UK CENTRE.
=985  \\$aISSN UK Centre note: Change of title from: Who's who legal. Environment, ISSN 2056-5488. Please add 78X fields and LKR on completion.
=CAT  \\$a11205$b40$c20180125$lBLL01$h1426
=CAT  \\$a11205$b40$c20180125$lBLL01$h1427
=FMT  \\$a  SE
=LAS  \\$a11205$b40$c20180125$lBLL01$h1427
=LET  \0$aWho's who legal. Environment & climate (Print)

