=LDR  00810 as a22002658i 4500
=001  018696214
=003  Uk
=005  20180125145946.0
=007  ta
=008  180125c20189999enkqr\p\\\\\\\0\\\a0eng\\
=022  0\$a2515-9569$202
=040  \\$aUk$beng$cUk$erda
=222  \0$aImpakter magazine$b(Print)
=245  00$aImpakter magazine.
=263  \\$a201801
=264  \1$aLondon :$bImpakter Limited
=310  \\$aQuarterly
=336  \\$atext$2rdacontent
=337  \\$aunmediated$2rdamedia
=338  \\$avolume$2rdacarrier
=985  \\$aLDO SERIALS - PLEASE PASS ALL ITEMS RECEIVED TO ISSN UK CENTRE.
=985  \\$aISSN UK Centre: see also website (ISSN 2515-9577), please add 787 to both records on completion.
=CAT  \\$a10973$b40$c20180125$lBLL01$h1459
=FMT  \\$a  SE
=LAS  \\$a10973$b40$c20180125$lBLL01$h1459

