=LDR  00706 as a22002538i 4500
=001  018715814
=003  Uk
=005  20180129085314.0
=007  ta
=008  180129c20189999enkbr\p\\\\\\\0\\\a0eng\\
=022  0\$a2516-3043$202
=040  \\$aUk$beng$cUk$erda
=222  \2$aA great eighty collection
=245  02$aA great eighty collection.
=263  \\$a201802
=264  \1$aPiltdown :$bThird Word Press
=310  \\$aBimonthly
=336  \\$atext$2rdacontent
=337  \\$aunmediated$2rdamedia
=338  \\$avolume$2rdacarrier
=985  \\$aLDO SERIALS - PLEASE PASS ALL ITEMS RECEIVED TO ISSN UK CENTRE.
=CAT  \\$a11313$b40$c20180129$lBLL01$h0853
=FMT  \\$a  SE
=LAS  \\$a11313$b40$c20180129$lBLL01$h0853

