=LDR  00932 as a22002898i 4500
=001  018716027
=003  Uk
=005  20180129133158.0
=007  ta
=008  180129c20189999stkmr\p\\\\\\\0\\\a0eng\\
=022  0\$a2516-306X$202
=040  \\$aUk$beng$cUk$erda
=222  \0$aThursday thunking$b(Print)
=245  00$aThursday thunking.
=246  13$aThursdaythunking
=263  \\$a201806
=264  \1$aGlenrothes :$bScottish Organisation for Practice Teaching
=310  \\$aMonthly
=336  \\$atext$2rdacontent
=337  \\$aunmediated$2rdamedia
=338  \\$avolume$2rdacarrier
=985  \\$aISSN UK Centre note: Print version of ISSN 2516-3078 - please add 776 fields when completing. ISSN UK, 29.01.2018.
=985  \\$aLDO SERIALS - PLEASE PASS ALL ITEMS RECEIVED TO ISSN UK CENTRE.
=CAT  \\$a11313$b40$c20180129$lBLL01$h1331
=FMT  \\$a  SE
=LAS  \\$a11313$b40$c20180129$lBLL01$h1331
=LET  \0$aThursday thunking (Print)

