=LDR  01025 as a22003138i 4500
=001  018716089
=003  Uk
=005  20181115144652.0
=007  ta
=008  180129c20189999enkmr\p\\\\\\\0\\\a0eng\\
=022  0\$a2516-3094$202
=040  \\$aUk$beng$cUk$erda
=222  \0$aSovereign$b(Print)
=245  00$aSovereign.
=263  \\$a201811
=264  \1$aLondon :$bMTN Media Limited
=310  \\$aMonthly
=336  \\$atext$2rdacontent
=337  \\$aunmediated$2rdamedia
=338  \\$avolume$2rdacarrier
=985  \\$aISSN UK Centre note: print version of ISSN 2516-3108 - please add 776 fields when completing. ISSN UK, 29.01.2018.
=985  \\$aISSN UK Centre note: Publisher details changed, November 15 2018.
=985  \\$aLDO SERIALS - PLEASE PASS ALL ITEMS RECEIVED TO ISSN UK CENTRE.
=CAT  \\$a11313$b40$c20180129$lBLL01$h1441
=CAT  \\$a11313$b40$c20181115$lBLL01$h1410
=CAT  \\$a11313$b40$c20181115$lBLL01$h1446
=FMT  \\$a  SE
=LAS  \\$a11313$b40$c20181115$lBLL01$h1446
=LET  \0$aSovereign (Print)

