=LDR  00714 as a22002538i 4500
=001  018716813
=003  Uk
=005  20180130144208.0
=007  ta
=008  180130c20189999enk\x\p\\\\\\\0\\\a0eng\\
=022  0\$a2515-9585$202
=040  \\$aUk$beng$cUk$erda
=222  \2$aA profound waste of time
=245  02$aA profound waste of time.
=263  \\$a201802
=264  \1$aLondon :$bA Profound Waste of Time Ltd
=310  \\$aIrregular
=336  \\$atext$2rdacontent
=337  \\$aunmediated$2rdamedia
=338  \\$avolume$2rdacarrier
=985  \\$aLDO SERIALS - PLEASE PASS ALL ITEMS RECEIVED TO ISSN UK CENTRE.
=CAT  \\$a10806$b40$c20180130$lBLL01$h1442
=FMT  \\$a  SE
=LAS  \\$a10806$b40$c20180130$lBLL01$h1442

