=LDR  00859 as a22002898i 4500
=001  018716814
=003  Uk
=005  20190802123822.0
=007  ta
=008  180130c20199999enkbr\p\\\\\\\0\\\a0eng\\
=022  0\$a2516-3167$202
=040  \\$aUk$beng$cUk$erda
=222  \0$aBDM's tech know-how series
=245  00$aBDM's tech know-how series.
=263  \\$a201909
=264  \1$aNewton Abbot :$bPapercut Limited
=310  \\$aBimonthly
=336  \\$atext$2rdacontent
=337  \\$aunmediated$2rdamedia
=338  \\$avolume$2rdacarrier
=985  \\$aLDO SERIALS - PLEASE PASS ALL ITEMS RECEIVED TO ISSN UK CENTRE.
=CAT  \\$a11313$b40$c20180130$lBLL01$h1442
=CAT  \\$a11130$b40$c20180615$lBLL01$h0933
=CAT  \\$a10973$b40$c20190802$lBLL01$h1237
=CAT  \\$a10973$b40$c20190802$lBLL01$h1238
=FMT  \\$a  SE
=LAS  \\$a10973$b40$c20190802$lBLL01$h1238

