=LDR  00733 as a22002538i 4500
=001  018720723
=003  Uk
=005  20180201141517.0
=007  ta
=008  180201c20189999enkar\p\\\\\\\0\\\a0eng\\
=022  0\$a2516-3205$202
=040  \\$aUk$beng$cUk$erda
=222  \0$aHouse beautiful kitchens, bedrooms & bathrooms
=245  00$aHouse beautiful kitchens, bedrooms & bathrooms.
=263  \\$a201806
=264  \1$aLondon :$bHearst
=310  \\$aAnnual
=336  \\$atext$2rdacontent
=337  \\$aunmediated$2rdamedia
=338  \\$avolume$2rdacarrier
=985  \\$aLDO SERIALS - PLEASE PASS ALL ITEMS RECEIVED TO ISSN UK CENTRE.
=CAT  \\$a11313$b40$c20180201$lBLL01$h1415
=FMT  \\$a  SE
=LAS  \\$a11313$b40$c20180201$lBLL01$h1415

