=LDR  00766 as a22002658i 4500
=001  018720734
=003  Uk
=005  20180201143009.0
=007  ta
=008  180201c20189999enkar\m\\\\\\\0\\\a0eng\\
=022  0\$a2516-3213$202
=040  \\$aUk$beng$cUk$erda
=222  \0$aElle decoration kitchens and bathrooms
=245  00$aElle decoration kitchens and bathrooms.
=263  \\$a201809
=264  \1$aLondon :$bHearst
=310  \\$aAnnual
=336  \\$atext$2rdacontent
=337  \\$aunmediated$2rdamedia
=338  \\$avolume$2rdacarrier
=985  \\$aLDO SERIALS - PLEASE PASS ALL ITEMS RECEIVED TO ISSN UK CENTRE.
=CAT  \\$a11313$b40$c20180201$lBLL01$h1429
=CAT  \\$a11313$b40$c20180201$lBLL01$h1430
=FMT  \\$a  SE
=LAS  \\$a11313$b40$c20180201$lBLL01$h1430

