=LDR  00701 as a22002658i 4500
=001  018729694
=003  Uk
=005  20180206112525.0
=007  ta
=008  180206c20189999enkfr\p\\\\\\\0\\\a0eng\\
=022  0\$a2515-9631$202
=040  \\$aUk$beng$cUk$erda
=222  \0$aNataal$b(Qualify)
=245  00$aNataal.
=263  \\$a201803
=264  \1$aLondon :$bNataal Ltd
=310  \\$aSemiannual
=336  \\$atext$2rdacontent
=337  \\$aunmediated$2rdamedia
=338  \\$avolume$2rdacarrier
=985  \\$aLDO SERIALS - PLEASE PASS ALL ITEMS RECEIVED TO ISSN UK CENTRE.
=CAT  \\$a7152$b40$c20180206$lBLL01$h1125
=FMT  \\$a  SE
=LAS  \\$a7152$b40$c20180206$lBLL01$h1125
=LET  \0$aNataal (Print)

