=LDR  00868 as a22002778i 4500
=001  018741456
=003  Uk
=005  20180212080528.0
=007  ta
=008  180212c20189999enkqr\p\\\\\\\0\\\a0eng\\
=022  0\$a2516-3639$202
=040  \\$aUk$beng$cUk$erda
=222  \0$aJournal of financial technology$b(Print)
=245  00$aJournal of financial technology.
=263  \\$a201809
=264  \1$aLondon :$bCollege Publications
=310  \\$aQuarterly
=336  \\$atext$2rdacontent
=337  \\$aunmediated$2rdamedia
=338  \\$avolume$2rdacarrier
=776  08$iAlso issued online as:$tJournal of financial technology$x2516-3647
=985  \\$aLDO SERIALS - PLEASE PASS ALL ITEMS RECEIVED TO ISSN UK CENTRE.
=CAT  \\$a11313$b40$c20180212$lBLL01$h0805
=FMT  \\$a  SE
=LAS  \\$a11313$b40$c20180212$lBLL01$h0805
=LET  \0$aJournal of financial technology (Print)

