=LDR  00875 as a22002898i 4500
=001  018755127
=003  Uk
=005  20180226113719.0
=007  ta
=008  180219c20189999enktr\p\\\\\\\0\\\a0eng\\
=022  0\$a2515-3447$202
=040  \\$aUk$beng$cUk$erda
=222  \0$aOfficial martial arts$b(Print)
=245  00$aOfficial martial arts.
=263  \\$a201803
=264  \1$aHerne Bay :$bNAKMAS
=310  \\$aThree times a year
=336  \\$atext$2rdacontent
=337  \\$aunmediated$2rdamedia
=338  \\$avolume$2rdacarrier
=776  08$iAlso issued online as:$tOfficial martial arts$x2515-3455
=985  \\$aLDO SERIALS - PLEASE PASS ALL ITEMS RECEIVED TO ISSN UK CENTRE.
=CAT  \\$a10973$b40$c20180219$lBLL01$h1110
=CAT  \\$a10806$b40$c20180226$lBLL01$h1137
=FMT  \\$a  SE
=LAS  \\$a10806$b40$c20180226$lBLL01$h1137
=LET  \0$aOfficial martial arts (Print)

