=LDR  00703 as a22002538i 4500
=001  018759339
=003  Uk
=005  20180221114133.0
=007  ta
=008  180221c20189999enkar\p\\\\\\\0\\\a0eng\\
=022  0\$a2516-4120$202
=040  \\$aUk$beng$cUk$erda
=222  \0$aPerformance journal
=245  00$aPerformance journal.
=263  \\$a201802
=264  \1$aSheffield :$bSheffield Hallam University
=310  \\$aAnnual
=336  \\$atext$2rdacontent
=337  \\$aunmediated$2rdamedia
=338  \\$avolume$2rdacarrier
=985  \\$aLDO SERIALS - PLEASE PASS ALL ITEMS RECEIVED TO ISSN UK CENTRE.
=CAT  \\$a10806$b40$c20180221$lBLL01$h1141
=FMT  \\$a  SE
=LAS  \\$a10806$b40$c20180221$lBLL01$h1141

