=LDR  00811 as a22002658i 4500
=001  018765203
=003  Uk
=005  20180226131840.0
=007  ta
=008  180226c20189999enkqr\p\\\\\\\0\\\a0eng\\
=022  0\$a2516-452X$202
=040  \\$aUk$beng$cUk$erda
=222  \0$aAll about my ...
=245  00$aAll about my ...
=263  \\$a201803
=264  \1$aBletchley :$bGuideline Publications
=310  \\$aQuarterly
=336  \\$atext$2rdacontent
=337  \\$aunmediated$2rdamedia
=338  \\$avolume$2rdacarrier
=985  \\$aISSN UK Centre note: issues will have different subjects, eg, dog, cat, rabbit. ISSN UK, 26.02.2018.
=985  \\$aLDO SERIALS - PLEASE PASS ALL ITEMS RECEIVED TO ISSN UK CENTRE.
=CAT  \\$a11313$b40$c20180226$lBLL01$h1318
=FMT  \\$a  SE
=LAS  \\$a11313$b40$c20180226$lBLL01$h1318

