=LDR  00776 as a22002658i 4500
=001  018765215
=003  Uk
=005  20190913164153.0
=007  ta
=008  180226c20209999enkqr\p\\\\\\\0\\\a0eng\\
=022  0\$a2516-4325$202
=040  \\$aUk$beng$cUk$erda
=222  \0$aIsle of Wight coffee magazine
=245  00$aIsle of Wight coffee magazine.
=263  \\$a202004
=264  \1$aNewport, Isle of Wight :$b5063 Publishing
=310  \\$aQuarterly
=336  \\$atext$2rdacontent
=337  \\$aunmediated$2rdamedia
=338  \\$avolume$2rdacarrier
=985  \\$aLDO SERIALS - PLEASE PASS ALL ITEMS RECEIVED TO ISSN UK CENTRE.
=CAT  \\$a10806$b40$c20180226$lBLL01$h1347
=CAT  \\$a11130$b40$c20190913$lBLL01$h1641
=FMT  \\$a  SE
=LAS  \\$a11130$b40$c20190913$lBLL01$h1641

