=LDR  00881 as a22002778i 4500
=001  018768995
=003  Uk
=005  20180228140426.0
=007  ta
=008  180228c20189999enkqr\p\\\\\\\0\\\a0eng\\
=022  0\$a2516-4457$202
=040  \\$aUk$beng$cUk$erda
=222  \0$aMagiki cuddle buddies specials
=245  00$aMagiki cuddle buddies specials.
=263  \\$a201806
=264  \1$aLondon :$bDe Agostini UK Ltd
=310  \\$aQuarterly
=336  \\$atext$2rdacontent
=337  \\$aunmediated$2rdamedia
=338  \\$avolume$2rdacarrier
=985  \\$aISSN UK Centre note: Related to: Cuddle buddies, ISSN 2399-5122. Please add 78X field as necessary.
=985  \\$aLDO SERIALS - PLEASE PASS ALL ITEMS RECEIVED TO ISSN UK CENTRE.
=CAT  \\$a11205$b40$c20180228$lBLL01$h1349
=CAT  \\$a11205$b40$c20180228$lBLL01$h1404
=FMT  \\$a  SE
=LAS  \\$a11205$b40$c20180228$lBLL01$h1404

