=LDR  00726 as a22002538i 4500
=001  018782935
=003  Uk
=005  20180306113242.0
=007  ta
=008  180306c20189999enkmr\p\\\\\\\0\\\a0eng\\
=022  0\$a2516-4597$202
=040  \\$aUk$beng$cUk$erda
=222  \4$aThe Ripley & Alfreton chronicle
=245  04$aThe Ripley & Alfreton chronicle.
=263  \\$a201805
=264  \1$aSidcup :$bStone Leisure Publishing Ltd
=310  \\$aMonthly
=336  \\$atext$2rdacontent
=337  \\$aunmediated$2rdamedia
=338  \\$avolume$2rdacarrier
=985  \\$aLDO SERIALS - PLEASE PASS ALL ITEMS RECEIVED TO ISSN UK CENTRE.
=CAT  \\$a11313$b40$c20180306$lBLL01$h1132
=FMT  \\$a  SE
=LAS  \\$a11313$b40$c20180306$lBLL01$h1132

