=LDR  00745 as a22002658i 4500
=001  018783061
=003  Uk
=005  20180306145122.0
=007  ta
=008  180306c20189999enkbr\p\\\\\\\0\\\a0eng\\
=022  0\$a2515-9704$202
=040  \\$aUk$beng$cUk$erda
=222  \0$aRick and Morty magazine
=245  00$aRick and Morty magazine.
=263  \\$a201805
=264  \1$aLondon :$bTitan Books Ltd
=310  \\$aBimonthly
=336  \\$atext$2rdacontent
=337  \\$aunmediated$2rdamedia
=338  \\$avolume$2rdacarrier
=985  \\$aLDO SERIALS - PLEASE PASS ALL ITEMS RECEIVED TO ISSN UK CENTRE.
=CAT  \\$a7152$b40$c20180306$lBLL01$h1451
=FMT  \\$a  SE
=LAS  \\$a7152$b40$c20180306$lBLL01$h1451
=LET  \0$aRick and Morty magazine (Print)

