=LDR  01109 as a22003138i 4500
=001  018790001
=003  Uk
=005  20210126102829.0
=007  ta
=008  180308c20189999enkar\p\\\\\\\0\\\a0eng\\
=022  0\$a2516-5011$202
=040  \\$aUk$beng$cUk$erda
=222  \0$aJournal of robotics & autonomous systems$b(Print)
=245  00$aJournal of robotics & autonomous systems.
=263  \\$a201804
=264  \1$aLondon :$bUK-RAS Network
=310  \\$aAnnual
=336  \\$atext$2rdacontent
=337  \\$aunmediated$2rdamedia
=338  \\$avolume$2rdacarrier
=985  \\$aLDO SERIALS - PLEASE PASS ALL ITEMS RECEIVED TO ISSN UK CENTRE.
=985  \\$aUpdate - print copies will be sent when Dr Claire Asher can get into office - mid 2021? (email correspondence with Richard (Leeds) (26/01/21))
=CAT  \\$a11313$b40$c20180308$lBLL01$h1400
=CAT  \\$a11313$b40$c20180308$lBLL01$h1412
=CAT  \\$a11315$b40$c20190628$lBLL01$h0928
=CAT  \\$a10806$b40$c20210126$lBLL01$h1028
=FMT  \\$a  SE
=LAS  \\$a10806$b40$c20210126$lBLL01$h1028
=LET  \0$aJournal of robotics & autonomous systems (Print)

