=LDR  00703 as a22002538i 4500
=001  018794337
=003  Uk
=005  20180312133533.0
=007  ta
=008  180312c20189999enkqr\p\\\\\\\0\\\a0eng\\
=022  0\$a2516-4929$202
=040  \\$aUk$beng$cUk$erda
=222  \0$aSuperheroes$b(Qualify)
=245  00$aSuperheroes.
=263  \\$a201804
=264  \1$aCoulsdon, Surrey :$bMillcrest Distribution
=310  \\$aQuarterly
=336  \\$atext$2rdacontent
=337  \\$aunmediated$2rdamedia
=338  \\$avolume$2rdacarrier
=985  \\$aLDO SERIALS - PLEASE PASS ALL ITEMS RECEIVED TO ISSN UK CENTRE.
=CAT  \\$a10806$b40$c20180312$lBLL01$h1335
=FMT  \\$a  SE
=LAS  \\$a10806$b40$c20180312$lBLL01$h1335

