=LDR  00846 as a22002898i 4500
=001  018794387
=003  Uk
=005  20180911110648.0
=007  ta
=008  180312c20199999enkbr\p\\\\\\\0\\\a0eng\\
=022  0\$a2516-4937$202
=040  \\$aUk$beng$cUk$erda
=222  \0$aMonarchy$b(Qualify. Print)
=245  00$aMonarchy.
=263  \\$a201905
=264  \1$aLondon :$bThe Chelsea Magazine Company Ltd
=310  \\$aBimonthly
=336  \\$atext$2rdacontent
=337  \\$aunmediated$2rdamedia
=338  \\$avolume$2rdacarrier
=776  08$iAlso issued online as:$tMonarchy$x2516-4945
=985  \\$aLDO SERIALS - PLEASE PASS ALL ITEMS RECEIVED TO ISSN UK CENTRE.
=CAT  \\$a10806$b40$c20180312$lBLL01$h1420
=CAT  \\$a11130$b40$c20180911$lBLL01$h1106
=FMT  \\$a  SE
=LAS  \\$a11130$b40$c20180911$lBLL01$h1106
=LET  \0$aMonarchy (Print)

