=LDR  00694 as a22002538i 4500
=001  018795213
=003  Uk
=005  20180313133252.0
=007  ta
=008  180313c20189999enkar\p\\\\\\\0\\\a0eng\\
=022  0\$a2516-5275$202
=040  \\$aUk$beng$cUk$erda
=222  \0$aEuropean butterflies
=245  00$aEuropean butterflies.
=263  \\$a201804
=264  \1$aHull :$bCharaxes Publications
=310  \\$aAnnual
=336  \\$atext$2rdacontent
=337  \\$aunmediated$2rdamedia
=338  \\$avolume$2rdacarrier
=985  \\$aLDO SERIALS - PLEASE PASS ALL ITEMS RECEIVED TO ISSN UK CENTRE.
=CAT  \\$a10806$b40$c20180313$lBLL01$h1332
=FMT  \\$a  SE
=LAS  \\$a10806$b40$c20180313$lBLL01$h1332

