=LDR  00742 as a22002658i 4500
=001  018798661
=003  Uk
=005  20180618135510.0
=007  ta
=008  180315c20189999enkwr\p\\\\\\\0\\\a0eng\\
=022  0\$a2516-5291$202
=040  \\$aUk$beng$cUk$erda
=222  \4$aThe new suffragette
=245  04$aThe new suffragette.
=263  \\$a201809
=264  \1$aBishops Stortford :$bC. Bolger
=310  \\$aWeekly
=336  \\$atext$2rdacontent
=337  \\$aunmediated$2rdamedia
=338  \\$avolume$2rdacarrier
=985  \\$aLDO SERIALS - PLEASE PASS ALL ITEMS RECEIVED TO ISSN UK CENTRE.
=CAT  \\$a10973$b40$c20180315$lBLL01$h1131
=CAT  \\$a11130$b40$c20180618$lBLL01$h1355
=FMT  \\$a  SE
=LAS  \\$a11130$b40$c20180618$lBLL01$h1355

