=LDR  00777 as a22002778i 4500
=001  018798727
=003  Uk
=005  20190702142115.0
=007  ta
=008  180315c20189999enkmr\p\\\\\\\0\\\a0eng\\
=022  0\$a2516-5321$202
=040  \\$aUk$beng$cUk$erda
=222  \0$aDevon living$b(Print)
=245  00$aDevon living.
=263  \\$a201804
=264  \1$aPorthleven :$bEngine House Media
=310  \\$aMonthly
=336  \\$atext$2rdacontent
=337  \\$aunmediated$2rdamedia
=338  \\$avolume$2rdacarrier
=985  \\$aLDO SERIALS - PLEASE PASS ALL ITEMS RECEIVED TO ISSN UK CENTRE.
=CAT  \\$a10973$b40$c20180315$lBLL01$h1343
=CAT  \\$a11205$b40$c20190702$lBLL01$h1421
=FMT  \\$a  SE
=LAS  \\$a11205$b40$c20190702$lBLL01$h1421
=LET  \0$aDevon living (Print)

