=LDR  01181cas a22003018i 4500
=001  018803629
=003  Uk
=005  20230127091232.0
=007  ta
=008  180319c20199999enk\x\p\\\\\\\0\\\a0eng\\
=022  0\$a2516-5755$202
=040  \\$aUk$beng$cUk$erda
=222  \0$aElements in the structure and dynamics of complex networks$b(Print)
=245  00$aElements in the structure and dynamics of complex networks.
=263  \\$a201909
=264  \1$aCambridge :$bCambridge University Press
=336  \\$atext$2rdacontent
=337  \\$aunmediated$2rdamedia
=338  \\$avolume$2rdacarrier
=985  \\$aLDO SERIALS - PLEASE PASS ALL ITEMS RECEIVED TO ISSN UK CENTRE.
=985  \\$aISSN UK Centre: title in pre-pub changed from 'Structure and dynamics of complex networks'.
=985  \\$aISSN UK Centre: see also online format version, ISSN 2516-5763. Please add 776 to both records on completion.
=CAT  \\$a11313$b40$c20180319$lBLL01$h1552
=CAT  \\$a11130$b40$c20190523$lBLL01$h1616
=CAT  \\$a10973$b40$c20230127$lBLL01$h0912
=FMT  \\$a  SE
=LAS  \\$a10973$b40$c20230127$lBLL01$h0912
=LET  \0$aElements in the structure and dynamics of complex networks (Print)

