=LDR  00894 as a22002898i 4500
=001  018804744
=003  Uk
=005  20180320114656.0
=007  ta
=008  180320c20189999wlkwr\n\\\\\\\0\\\a0eng\\
=022  0\$a2516-5372$202
=040  \\$aUk$beng$cUk$erda
=222  \0$aLlanelli star$b(Burry Port and Gwendraeth ed.)
=245  00$aLlanelli star.
=250  \\$aBurry Port and Gwendraeth edition.
=263  \\$a201804
=264  \1$aSwansea :$bTrinity Mirror
=310  \\$aWeekly
=336  \\$atext$2rdacontent
=337  \\$aunmediated$2rdamedia
=338  \\$avolume$2rdacarrier
=985  \\$aLDO SERIALS - PLEASE PASS ALL ITEMS RECEIVED TO ISSN UK CENTRE.
=985  \\$a***MERGER/PREVIOUS TITLES - SEE FILE FOR DETAILS***
=CAT  \\$a10806$b40$c20180320$lBLL01$h1146
=FMT  \\$a  SE
=LAS  \\$a10806$b40$c20180320$lBLL01$h1146
=LET  \0$aLlanelli star (Burry Port and Gwendraeth edition)

