=LDR  01097 as a22003018i 4500
=001  018804784
=003  Uk
=005  20180320131653.0
=007  ta
=008  180320c20189999enkqr\p\\\\\\\0\\\a0eng\\
=022  0\$a2516-5798$202
=040  \\$aUk$beng$cUk$erda
=222  \0$aDeviation street$b(Print)
=245  00$aDeviation street.
=263  \\$a201803
=264  \1$aBath :$bRat's Tales Ltd
=310  \\$aQuarterly
=336  \\$atext$2rdacontent
=337  \\$aunmediated$2rdamedia
=338  \\$avolume$2rdacarrier
=776  08$iAlso issued online as:$tDeviation street$x2516-5801
=985  \\$aLDO SERIALS - PLEASE PASS ALL ITEMS RECEIVED TO ISSN UK CENTRE.
=985  \\$aISSN UK Centre note: Publisher states this was originally published in 1977 and so we believe original record is Aleph rec. no. 013078550 - these two records will need merging when completing the print record. ISSN UK, 20.03.2018.
=CAT  \\$a11313$b40$c20180320$lBLL01$h1307
=CAT  \\$a11313$b40$c20180320$lBLL01$h1316
=FMT  \\$a  SE
=LAS  \\$a11313$b40$c20180320$lBLL01$h1316
=LET  \0$aDeviation street (Print)

