=LDR  01662 as a22004698i 4500
=001  018808925
=003  Uk
=005  20210302095113.0
=007  ta
=008  180322c20189999enkfr\p\\\\\\\0\\\a0eng\\
=022  0\$a2516-6042$202
=040  \\$aUk$beng$cUk$erda
=222  \0$aEmerging economies cases journal$b(Print)
=245  00$aEmerging economies cases journal.
=263  \\$a201806
=264  \1$aLondon :$bSAGE Publications
=310  \\$aSemiannual
=336  \\$atext$2rdacontent
=337  \\$aunmediated$2rdamedia
=338  \\$avolume$2rdacarrier
=540  \\$aCurrent Copyright Fee: zero$c19\0$5Uk
=776  08$iAlso issued online as:$tEmerging economies cases journal$x2516-6050
=856  \\$31850-9999$uhttp://www.sagepublications.com/$xBLDSS
=945  \\$aEmerging economies cases journal
=979  \\$aBritish Library$bDSC$j3733.425360N
=985  \\$aLDO SERIALS - PLEASE PASS ALL ITEMS RECEIVED TO ISSN UK CENTRE.
=985  \\$aPlease link to ISSN 2516-6050 (Online) on completion.
=CAT  \\$a11205$b40$c20180322$lBLL01$h1030
=CAT  \\$a5552$b40$c20180518$lBLL01$h1243
=CAT  \\$aBLDSS-3PM$b00$c20180521$lBLL01$h1126
=CAT  \\$aBATCH-UPD$b00$c20180521$lBLL01$h1127
=CAT  \\$aBATCH-UPD$b00$c20180523$lBLL01$h0020
=CAT  \\$a5552$b40$c20190107$lBLL01$h1352
=CAT  \\$a10806$b40$c20200227$lBLL01$h0923
=CAT  \\$a8323$b40$c20210302$lBLL01$h0951
=CFI  0\$aCurrent copyright fee: zero$c19\0$e18-may-2018$fGBP0.00$g0$hP$5Uk
=FFP  \\$aY$bBLDSS-3PM
=FMT  \\$a  SE
=LAS  \\$a8323$b40$c20210302$lBLL01$h0951
=LET  \0$aEmerging economies cases journal (Print)
=TOC  \\$aETOC
=UNO  \\$aY

