=LDR  00697 as a22002658i 4500
=001  018809100
=003  Uk
=005  20180322142442.0
=007  ta
=008  180322c20189999enkar\p\\\\\\\0\\\a0eng\\
=022  0\$a2516-5461$202
=040  \\$aUk$beng$cUk$erda
=222  \0$aSpinballz
=245  00$aSpinballz.
=263  \\$a201809
=264  \1$aLondon :$bDeAgostini
=310  \\$aAnnual
=336  \\$atext$2rdacontent
=337  \\$aunmediated$2rdamedia
=338  \\$avolume$2rdacarrier
=985  \\$aLDO SERIALS - PLEASE PASS ALL ITEMS RECEIVED TO ISSN UK CENTRE.
=CAT  \\$a11205$b40$c20180322$lBLL01$h1424
=FMT  \\$a  SE
=LAS  \\$a11205$b40$c20180322$lBLL01$h1424
=LET  \0$aSpinballz (Print)

