=LDR  01585cas a22004098i 4500
=001  018815537
=003  Uk
=005  20230210011415.0
=007  ta
=008  180328c20189999enkfr\p\\\\\\\0\\\a0eng\\
=022  0\$a2516-550X$202
=040  \\$aUk$beng$cUk$erda
=222  \0$aInternational journal of critical diversity studies$b(Print)
=245  00$aInternational journal of critical diversity studies.
=263  \\$a201806
=264  \1$aLondon :$bPluto Journals Ltd
=310  \\$aTwo issues yearly
=336  \\$atext$2rdacontent
=337  \\$aunmediated$2rdamedia
=338  \\$avolume$2rdacarrier
=540  \\$aCurrent Copyright Fee: GBP15.00$c0$5Uk
=985  \\$aLDO SERIALS - PLEASE PASS ALL ITEMS RECEIVED TO ISSN UK CENTRE.
=985  \\$aPlease link to ISSN 2516-5518 (Online) on completion.
=ACF  \\$aPrevious Copyright Fee: GBP15.00$c0$e01-apr-2020$fGBP15.00$g0$hC$5Uk
=CAT  \\$a7152$b40$c20180328$lBLL01$h1228
=CAT  \\$a10806$b40$c20200227$lBLL01$h0842
=CAT  \\$aBATCH-CLA$b00$c20200228$lBLL01$h1637
=CAT  \\$aIPL-CLA$c20200331$lBLL01$h1638
=CAT  \\$aBATCH-CLA$b00$c20221130$lBLL01$h1439
=CAT  \\$aIPL-CLA$c20221231$lBLL01$h2344
=CAT  \\$aBATCH-CLA$b00$c20230209$lBLL01$h1526
=CAT  \\$aIPL-CLA$c20230210$lBLL01$h0114
=CFI  0\$aCurrent Copyright Fee: GBP15.00$c0$e09-feb-2023$fGBP15.00$g0$hC$5Uk
=CFI  2\$aBritish Library not licensed to copy$c0$e01-jan-2023$hC$iCFP Excluded$5Uk
=FMT  \\$a  SE
=LAS  \\$aIPL-CLA$b00$c20230210$lBLL01$h0114
=LET  \0$aInternational journal of critical diversity studies (Print)

