=LDR  00703 as a22002538i 4500
=001  018822797
=003  Uk
=005  20180405104525.0
=007  ta
=008  180405c20189999enkmr\p\\\\\\\0\\\a0eng\\
=022  0\$a2516-5534$202
=040  \\$aUk$beng$cUk$erda
=222  \0$aPerformance Ford cars
=245  00$aPerformance Ford cars.
=263  \\$a201804
=264  \1$aLondon :$bPerformance Ford Cars Ltd
=310  \\$aMonthly
=336  \\$atext$2rdacontent
=337  \\$aunmediated$2rdamedia
=338  \\$avolume$2rdacarrier
=985  \\$aLDO SERIALS - PLEASE PASS ALL ITEMS RECEIVED TO ISSN UK CENTRE.
=CAT  \\$a10973$b40$c20180405$lBLL01$h1045
=FMT  \\$a  SE
=LAS  \\$a10973$b40$c20180405$lBLL01$h1045

