=LDR  01052 as a22003018i 4500
=001  018833939
=003  Uk
=005  20180412122128.0
=007  ta
=008  180412c20189999enkar\p\\\\\\\0\\\a0eng\\
=022  0\$a2516-7529$202
=040  \\$aUk$beng$cUk$erda
=222  \0$aDays like this$b(US ed. Print)
=245  00$aDays like this.
=263  \\$a201804
=264  \1$aLondon :$bBrave New World Publishing Ltd
=310  \\$aAnnual
=336  \\$atext$2rdacontent
=337  \\$aunmediated$2rdamedia
=338  \\$avolume$2rdacarrier
=776  08$iAlso issued online as:$tDays like this (US ed.)$x2516-7537
=985  \\$aLDO SERIALS - PLEASE PASS ALL ITEMS RECEIVED TO ISSN UK CENTRE.
=985  \\$aISSN UK Centre note: US edition of ISSN 2056-7413. Please add 775 fields on completion.
=985  \\$aInformation from publisher: To send issue 2 when published, first issue not available in hard copy.
=CAT  \\$a11205$b40$c20180412$lBLL01$h1221
=FMT  \\$a  SE
=LAS  \\$a11205$b40$c20180412$lBLL01$h1221
=LET  \0$aDays like this (US ed.) (Print)

