=LDR  00793 as a22002778i 4500
=001  018833983
=003  Uk
=005  20180412140742.0
=007  ta
=008  180412c20189999enkqr\p\\\\\\\0\\\a0eng\\
=022  0\$a2516-5631$202
=040  \\$aUk$beng$cUk$erda
=222  \4$aThe principal$b(Qualify. Print)
=245  04$aThe principal.
=263  \\$a201811
=264  \1$aElstead :$bBond Events
=310  \\$aQuarterly
=336  \\$atext$2rdacontent
=337  \\$aunmediated$2rdamedia
=338  \\$avolume$2rdacarrier
=776  08$iAlso issued online as:$tPrincipal$x2516-564X
=985  \\$aLDO SERIALS - PLEASE PASS ALL ITEMS RECEIVED TO ISSN UK CENTRE.
=CAT  \\$a10973$b40$c20180412$lBLL01$h1407
=FMT  \\$a  SE
=LAS  \\$a10973$b40$c20180412$lBLL01$h1407
=LET  \4$aThe principal (Print)

