=LDR  01706cas a22004578i 4500
=001  018836488
=003  Uk
=005  20230210011416.0
=007  ta
=008  180416c20189999enkar\p\\\\\\\0\\\a0eng\\
=022  0\$a2516-7170$202
=040  \\$aUk$beng$cUk$erda
=222  \0$aFormby Hall
=245  00$aFormby Hall.
=263  \\$a201812
=264  \1$aDurham :$bRemember Media
=310  \\$aAnnual
=336  \\$atext$2rdacontent
=337  \\$aunmediated$2rdamedia
=338  \\$avolume$2rdacarrier
=540  \\$aCurrent Copyright Fee: GBP25.00$c0$5Uk
=985  \\$aLDO SERIALS - PLEASE PASS ALL ITEMS RECEIVED TO ISSN UK CENTRE.
=ACF  \\$aPrevious Copyright Fee: GBP17.50$c0$e01-oct-2018$fGBP17.50$g0$hC$5Uk
=ACF  \\$aPrevious Copyright Fee: GBP20.00$c0$e01-jan-2020$fGBP20.00$g0$hC$5Uk
=ACF  \\$aPrevious Copyright Fee: GBP22.50$c0$e01-jan-2021$fGBP22.50$g0$hC$5Uk
=CAT  \\$a11313$b40$c20180416$lBLL01$h1408
=CAT  \\$aBATCH-CLA$b00$c20180831$lBLL01$h1624
=CAT  \\$a11130$b40$c20180917$lBLL01$h1319
=CAT  \\$aIPL-CLA$c20180930$lBLL01$h1522
=CAT  \\$aBATCH-CLA$b00$c20191129$lBLL01$h1622
=CAT  \\$aIPL-CLA$c20191231$lBLL01$h2045
=CAT  \\$aBATCH-CLA$b00$c20201126$lBLL01$h1418
=CAT  \\$aIPL-CLA$c20201231$lBLL01$h2350
=CAT  \\$aBATCH-CLA$b00$c20221130$lBLL01$h1444
=CAT  \\$aIPL-CLA$c20221231$lBLL01$h2344
=CAT  \\$aBATCH-CLA$b00$c20230209$lBLL01$h1531
=CAT  \\$aIPL-CLA$c20230210$lBLL01$h0114
=CFI  0\$aCurrent Copyright Fee: GBP25.00$c0$e09-feb-2023$fGBP25.00$g0$hC$5Uk
=CFI  2\$aBritish Library not licensed to copy$c0$e01-jan-2023$hC$iCFP Excluded$5Uk
=FMT  \\$a  SE
=LAS  \\$aIPL-CLA$b00$c20230210$lBLL01$h0114

