=LDR  00687 as a22002538i 4500
=001  018836978
=003  Uk
=005  20180417071459.0
=007  ta
=008  180417c20189999enkwr\p\\\\\\\0\\\a0eng\\
=022  0\$a2516-7200$202
=040  \\$aUk$beng$cUk$erda
=222  \4$aThe paper for Honiton
=245  04$aThe paper for Honiton.
=263  \\$a201805
=264  \1$aHoniton :$bNewscraft
=310  \\$aWeekly
=336  \\$atext$2rdacontent
=337  \\$aunmediated$2rdamedia
=338  \\$avolume$2rdacarrier
=985  \\$aLDO SERIALS - PLEASE PASS ALL ITEMS RECEIVED TO ISSN UK CENTRE.
=CAT  \\$a11313$b40$c20180417$lBLL01$h0715
=FMT  \\$a  SE
=LAS  \\$a11313$b40$c20180417$lBLL01$h0715

