=LDR  00765 as a22002658i 4500
=001  018847429
=003  Uk
=005  20180425105130.0
=007  ta
=008  180425c20189999enkar\p\\\\\\\0\\\a0eng\\
=022  0\$a2516-8126$202
=040  \\$aUk$beng$cUk$erda
=222  \0$aStag Hill literary journal
=245  00$aStag Hill literary journal.
=263  \\$a201806
=264  \1$aShackleford, Surrey :$bStewart Ferris
=310  \\$aAnnual
=336  \\$atext$2rdacontent
=337  \\$aunmediated$2rdamedia
=338  \\$avolume$2rdacarrier
=985  \\$aLDO SERIALS - PLEASE PASS ALL ITEMS RECEIVED TO ISSN UK CENTRE.
=CAT  \\$a11205$b40$c20180425$lBLL01$h1051
=FMT  \\$a  SE
=LAS  \\$a11205$b40$c20180425$lBLL01$h1051
=LET  \0$aStag Hill literary journal (Print)

