=LDR  00673 as a22002538i 4500
=001  018848996
=003  Uk
=005  20180427164716.0
=007  ta
=008  180427c20189999enkfr\p\\\\\\\0\\\a0eng\\
=022  0\$a2516-8304$202
=040  \\$aUk$beng$cUk$erda
=222  \0$aMore or less
=245  00$aMore or less.
=263  \\$a201805
=264  \1$aLondon :$bJ. Perlman
=310  \\$aSemiannual
=336  \\$atext$2rdacontent
=337  \\$aunmediated$2rdamedia
=338  \\$avolume$2rdacarrier
=985  \\$aLDO SERIALS - PLEASE PASS ALL ITEMS RECEIVED TO ISSN UK CENTRE.
=CAT  \\$a10973$b40$c20180427$lBLL01$h1647
=FMT  \\$a  SE
=LAS  \\$a10973$b40$c20180427$lBLL01$h1647

