=LDR  00697 as a22002538i 4500
=001  018850889
=003  Uk
=005  20180430082638.0
=007  ta
=008  180430c20189999enkar\p\\\\\\\0\\\a0eng\\
=022  0\$a2516-8320$202
=040  \\$aUk$beng$cUk$erda
=222  \0$aSea animals colouring book
=245  00$aSea animals colouring book.
=263  \\$a201806
=264  \1$aLondon :$bDeAgostini
=310  \\$aAnnual
=336  \\$atext$2rdacontent
=337  \\$aunmediated$2rdamedia
=338  \\$avolume$2rdacarrier
=985  \\$aLDO SERIALS - PLEASE PASS ALL ITEMS RECEIVED TO ISSN UK CENTRE.
=CAT  \\$a11313$b40$c20180430$lBLL01$h0826
=FMT  \\$a  SE
=LAS  \\$a11313$b40$c20180430$lBLL01$h0826

