=LDR  00775 as a22002658i 4500
=001  018856413
=003  Uk
=005  20180502104038.0
=007  ta
=008  180502c20189999enkfr\p\\\\\\\0\\\a0eng\\
=022  0\$a2516-8991$202
=040  \\$aUk$beng$cUk$erda
=222  \0$aAcademician Zhasan Zekeyuly
=245  00$aAcademician Zhasan Zekeyuly.
=263  \\$a201806
=264  \1$aOxford :$bEurope Business Assembly Press
=310  \\$aSemiannual
=336  \\$atext$2rdacontent
=337  \\$aunmediated$2rdamedia
=338  \\$avolume$2rdacarrier
=985  \\$aLDO SERIALS - PLEASE PASS ALL ITEMS RECEIVED TO ISSN UK CENTRE.
=CAT  \\$a11205$b40$c20180502$lBLL01$h1040
=FMT  \\$a  SE
=LAS  \\$a11205$b40$c20180502$lBLL01$h1040
=LET  \0$aAcademician Zhasan Zekeyuly (Print)

