=LDR  00681 as a22002538i 4500
=001  018866424
=003  Uk
=005  20180510111707.0
=007  ta
=008  180510c20189999enkfr\p\\\\\\\0\\\a0eng\\
=022  0\$a2516-8606$202
=040  \\$aUk$beng$cUk$erda
=222  \0$a.PNG magazine
=245  01$a.PNG magazine.
=263  \\$a201805
=264  \1$aWorcester :$b.PNG Magazine
=310  \\$aSemiannual
=336  \\$atext$2rdacontent
=337  \\$aunmediated$2rdamedia
=338  \\$avolume$2rdacarrier
=985  \\$aLDO SERIALS - PLEASE PASS ALL ITEMS RECEIVED TO ISSN UK CENTRE.
=CAT  \\$a11313$b40$c20180510$lBLL01$h1117
=FMT  \\$a  SE
=LAS  \\$a11313$b40$c20180510$lBLL01$h1117

