=LDR  00956 as a22003018i 4500
=001  018866461
=003  Uk
=005  20180510125612.0
=007  ta
=008  180510c20189999enkqr\p\\\\\\\0\\\a0eng\\
=022  0\$a2516-8614$202
=040  \\$aUk$beng$cUk$erda
=222  \0$aTTU art and design review$b(Print)
=245  00$aTTU art and design review.
=246  3\$aTakoradi Technical University art and design review
=263  \\$a201805
=264  \1$aSouthampton :$bR. Acquaye
=310  \\$aQuarterly
=336  \\$atext$2rdacontent
=337  \\$aunmediated$2rdamedia
=338  \\$avolume$2rdacarrier
=776  08$iAlso issued online as:$tTTU art and design review$x2516-8622
=985  \\$aLDO SERIALS - PLEASE PASS ALL ITEMS RECEIVED TO ISSN UK CENTRE.
=CAT  \\$a11313$b40$c20180510$lBLL01$h1202
=CAT  \\$a11313$b40$c20180510$lBLL01$h1256
=FMT  \\$a  SE
=LAS  \\$a11313$b40$c20180510$lBLL01$h1256
=LET  \0$aTTU art and design review (Print)

