=LDR  01041 as a22002898i 4500
=001  018866573
=003  Uk
=005  20180529113353.0
=007  ta
=008  180510c20199999enkqr\p\\\\\\\0\\\a0eng\\
=022  0\$a2516-9130
=040  \\$aUk$beng$cUk$erda
=222  \0$aData-driven control and learning systems
=245  00$aData-driven control and learning systems.
=263  \\$a201901
=264  \1$aColchester :$bPacilantic International Ltd
=310  \\$aQuarterly
=336  \\$atext$2rdacontent
=337  \\$aunmediated$2rdamedia
=338  \\$avolume$2rdacarrier
=985  \\$aLDO SERIALS - PLEASE PASS ALL ITEMS RECEIVED TO ISSN UK CENTRE.
=985  \\$aISSN work record transferred to IC prior to completion. Now due to be published by Springer. ISSN responsibility may ultimately be passed to ISSN Germany (29/05/18)
=CAT  \\$a11205$b40$c20180510$lBLL01$h1537
=CAT  \\$a10806$b40$c20180529$lBLL01$h1133
=FMT  \\$a  SE
=LAS  \\$a10806$b40$c20180529$lBLL01$h1133
=LET  \0$aData-driven control and learning systems (Print)

