=LDR  01596 as a22004218i 4500
=001  018877347
=003  Uk
=005  20211007083504.0
=007  ta
=008  180523c20199999enkqr\p\\\\\\\0\\\a0eng\\
=022  0\$a2517-2573$202
=040  \\$aUk$beng$cUk$erda
=222  \0$aInternational journal of cybernetics and cyber-physical systems$b(Print)
=245  00$aInternational journal of cybernetics and cyber-physical systems.
=263  \\$a201905
=264  \1$aOlney :$bInderscience Publishers
=310  \\$aQuarterly
=336  \\$atext$2rdacontent
=337  \\$aunmediated$2rdamedia
=338  \\$avolume$2rdacarrier
=540  \\$aCurrent copyright fee: GBP28.00$c48\0$5Uk
=856  \\$31850-9999$uhttp://www.inderscience.com/$xBLDSS
=945  \\$aInternational journal of cybernetics and cyberphysical systems
=979  \\$aBritish Library$bDSC$j4542.182300N
=985  \\$aLDO SERIALS - PLEASE PASS ALL ITEMS RECEIVED TO ISSN UK CENTRE.
=985  \\$aPlease link this record to the online record (ISSN 2517-2581) on completion. Thank you.
=CAT  \\$a10973$b40$c20180523$lBLL01$h1155
=CAT  \\$a5552$b40$c20210319$lBLL01$h1240
=CAT  \\$aBLDSS-3PM$b00$c20210324$lBLL01$h1011
=CAT  \\$aBATCH-UPD$b00$c20210324$lBLL01$h1013
=CAT  \\$a10806$b40$c20211007$lBLL01$h0835
=CFI  0\$aCurrent copyright fee: GBP28.00$c48\0$e19-mar-2021$fGBP28.00$g0$hP$5Uk
=FFP  \\$aY$bBLDSS-3PM
=FMT  \\$a  SE
=LAS  \\$a10806$b40$c20211007$lBLL01$h0835
=LET  \0$aInternational journal of cybernetics and cyber-physical systems (Print)
=TOC  \\$aETOC
=UNO  \\$aY

