=LDR  00738 as a22002658i 4500
=001  018883326
=003  Uk
=005  20180531113430.0
=007  ta
=008  180531c20189999enkbr\p\\\\\\\0\\\a0eng\\
=022  0\$a2517-3995$202
=040  \\$aUk$beng$cUk$erda
=222  \0$aNottinghamshire past
=245  00$aNottinghamshire past.
=263  \\$a201806
=264  \1$aNewark :$bReid Publishing
=310  \\$aBimonthly
=336  \\$atext$2rdacontent
=337  \\$aunmediated$2rdamedia
=338  \\$avolume$2rdacarrier
=985  \\$aLDO SERIALS - PLEASE PASS ALL ITEMS RECEIVED TO ISSN UK CENTRE.
=CAT  \\$a11205$b40$c20180531$lBLL01$h1134
=FMT  \\$a  SE
=LAS  \\$a11205$b40$c20180531$lBLL01$h1134
=LET  \0$aNottinghamshire past (Print)

