=LDR  00722 as a22002658i 4500
=001  018883360
=003  Uk
=005  20180531121811.0
=007  ta
=008  180531c20189999enkbr\p\\\\\\\0\\\a0eng\\
=022  0\$a2517-4029$202
=040  \\$aUk$beng$cUk$erda
=222  \0$aActual size$b(Qualify)
=245  00$aActual size.
=263  \\$a201808
=264  \1$aManchester :$bSuzy Prince
=310  \\$aBimonthly
=336  \\$atext$2rdacontent
=337  \\$aunmediated$2rdamedia
=338  \\$avolume$2rdacarrier
=985  \\$aLDO SERIALS - PLEASE PASS ALL ITEMS RECEIVED TO ISSN UK CENTRE.
=CAT  \\$a11205$b40$c20180531$lBLL01$h1218
=FMT  \\$a  SE
=LAS  \\$a11205$b40$c20180531$lBLL01$h1218
=LET  \0$aActual size (Print)

