=LDR  00686 as a22002538i 4500
=001  018883802
=003  Uk
=005  20180601111529.0
=007  ta
=008  180601c20189999enkmr\p\\\\\\\0\\\a0eng\\
=022  0\$a2517-4940$202
=040  \\$aUk$beng$cUk$erda
=222  \0$aI believe in ...
=245  00$aI believe in ...
=263  \\$a201808
=264  \1$aBristol :$bKennedy Publishing
=310  \\$aMonthly
=336  \\$atext$2rdacontent
=337  \\$aunmediated$2rdamedia
=338  \\$avolume$2rdacarrier
=985  \\$aLDO SERIALS - PLEASE PASS ALL ITEMS RECEIVED TO ISSN UK CENTRE.
=CAT  \\$a10973$b40$c20180601$lBLL01$h1115
=FMT  \\$a  SE
=LAS  \\$a10973$b40$c20180601$lBLL01$h1115

