=LDR  00817 as a22002778i 4500
=001  018883936
=003  Uk
=005  20180601134553.0
=007  ta
=008  180601c20189999enkmr\p\\\\\\\0\\\a0eng\\
=022  0\$a2517-4975$202
=040  \\$aUk$beng$cUk$erda
=222  \4$aThe crescent newspaper$b(Print)
=245  04$aThe crescent newspaper.
=263  \\$a201809
=264  \1$aSwindon :$bA M Raines
=310  \\$aMonthly
=336  \\$atext$2rdacontent
=337  \\$aunmediated$2rdamedia
=338  \\$avolume$2rdacarrier
=776  08$iAlso issued online as:$tCrescent newspaper$x2517-4983
=985  \\$aLDO SERIALS - PLEASE PASS ALL ITEMS RECEIVED TO ISSN UK CENTRE.
=CAT  \\$a10973$b40$c20180601$lBLL01$h1345
=FMT  \\$a  SE
=LAS  \\$a10973$b40$c20180601$lBLL01$h1345
=LET  \4$aThe crescent newspaper (Print)

