=LDR  01151cas a22003258i 4500
=001  018888450
=003  Uk
=005  20220701083725.0
=007  ta
=008  180604c20189999enkar\\\\r\\\\0\\\a0eng\\
=022  0\$a2517-4223$202
=040  \\$aUk$beng$cUk$erda
=222  \0$aResidential ...$b(Qualify. Print)
=245  00$aResidential ...
=246  3\$aRoyal Institute of British Architects residential directory
=263  \\$a201806
=264  \1$aMacclesfield :$bZinc Media
=310  \\$aAnnual
=336  \\$atext$2rdacontent
=337  \\$aunmediated$2rdamedia
=338  \\$avolume$2rdacarrier
=985  \\$aLDO SERIALS - PLEASE PASS ALL ITEMS RECEIVED TO ISSN UK CENTRE.
=985  \\$a246 3_ added to aid record find - please delete if not on item (Richard (04/06/18)
=985  \\$aPlease link to 2517-4231 (Online) if print copy ever received. Zinc Media do not have any copies left. (Richard, 01/07/22)
=CAT  \\$a10806$b40$c20180604$lBLL01$h1329
=CAT  \\$a10806$b40$c20180604$lBLL01$h1337
=CAT  \\$a10806$b40$c20220701$lBLL01$h0837
=FMT  \\$a  SE
=LAS  \\$a10806$b40$c20220701$lBLL01$h0837
=LET  \0$aRIBA Residential (Print)

