=LDR  00821 as a22002898i 4500
=001  018894569
=003  Uk
=005  20180816100508.0
=007  ta
=008  180606c20189999nikbr\p\\\\\\\0\\\a0eng\\
=022  0\$a2517-5661$202
=040  \\$aUk$beng$cUk$erda
=222  \0$aBT29 connect
=245  00$aBT29 connect.
=263  \\$a201809
=264  \1$aCrumlin, Antrim :$bJennifer O'Kane
=310  \\$aBimonthly
=336  \\$atext$2rdacontent
=337  \\$aunmediated$2rdamedia
=338  \\$avolume$2rdacarrier
=985  \\$aLDO SERIALS - PLEASE PASS ALL ITEMS RECEIVED TO ISSN UK CENTRE.
=CAT  \\$a11205$b40$c20180606$lBLL01$h1437
=CAT  \\$a11205$b40$c20180606$lBLL01$h1438
=CAT  \\$a11130$b40$c20180816$lBLL01$h1005
=FMT  \\$a  SE
=LAS  \\$a11130$b40$c20180816$lBLL01$h1005
=LET  \0$aBT29 connect (Print)

