=LDR  01114 as a22003018i 4500
=001  018910413
=003  Uk
=005  20181217115133.0
=007  ta
=008  180614c20199999enkbr\p\\\\\\\0\\\a0eng\\
=022  0\$a2517-6498$202
=040  \\$aUk$beng$cUk$erda
=222  \0$aUniversity of Oxford Human Rights Hub journal$b(Print)
=245  00$aUniversity of Oxford Human Rights Hub journal.
=263  \\$a201909
=264  \1$aOxford :$bNdjodi Ndeunyema [Faculty of Law, University of Oxford]
=310  \\$aBimonthly
=336  \\$atext$2rdacontent
=337  \\$aunmediated$2rdamedia
=338  \\$avolume$2rdacarrier
=985  \\$aLDO SERIALS - PLEASE PASS ALL ITEMS RECEIVED TO ISSN UK CENTRE.
=985  \\$aISSN UK Centre note: See also online ISSN 2517-6501 - print may be annual cumulation - please check when completing. ISSN UK, 17.12.2018.
=CAT  \\$a11205$b40$c20180614$lBLL01$h1643
=CAT  \\$a11130$b40$c20180814$lBLL01$h1032
=CAT  \\$a11313$b40$c20181217$lBLL01$h1151
=FMT  \\$a  SE
=LAS  \\$a11313$b40$c20181217$lBLL01$h1151
=LET  \0$aUniversity of Oxford Human Rights Hub journal (Print)

