=LDR  00772 as a22002658i 4500
=001  018911270
=003  Uk
=005  20180615153449.0
=007  ta
=008  180615c20189999enkwr\p\\\\\\\0\\\a0eng\\
=022  0\$a2517-5017$202
=040  \\$aUk$beng$cUk$erda
=222  \0$aBuild the Apollo 11 lunar module
=245  00$aBuild the Apollo 11 lunar module.
=263  \\$a201808
=264  \1$aLondon :$bDe Agostini UK Ltd
=310  \\$aWeekly
=336  \\$atext$2rdacontent
=337  \\$aunmediated$2rdamedia
=338  \\$avolume$2rdacarrier
=985  \\$aLDO SERIALS - PLEASE PASS ALL ITEMS RECEIVED TO ISSN UK CENTRE.
=CAT  \\$a7152$b40$c20180615$lBLL01$h1534
=FMT  \\$a  SE
=LAS  \\$a7152$b40$c20180615$lBLL01$h1534
=LET  \0$aBuild the Apollo 11 lunar module (Print)

