=LDR  00816cas a22002898i 4500
=001  018914539
=003  Uk
=005  20230509104336.0
=007  ta
=008  180619c20189999enkqr\p\\\\\\\0\\\a0eng\\
=022  0\$a2517-603X$202
=040  \\$aUk$beng$cUk$erda
=222  \0$aAfrica briefing
=245  00$aAfrica briefing.
=263  \\$a201807
=264  \1$aLondon :$bJ. Offei-Ansah
=310  \\$aQuarterly
=336  \\$atext$2rdacontent
=337  \\$aunmediated$2rdamedia
=338  \\$avolume$2rdacarrier
=985  \\$aLDO SERIALS - PLEASE PASS ALL ITEMS RECEIVED TO ISSN UK CENTRE.
=CAT  \\$a7152$b40$c20180619$lBLL01$h1201
=CAT  \\$a7152$b40$c20180619$lBLL01$h1202
=CAT  \\$a8250$b40$c20230509$lBLL01$h1043
=FMT  \\$a  SE
=LAS  \\$a8250$b40$c20230509$lBLL01$h1043
=LET  \0$aAfrica briefing (Print)

