=LDR  00738 as a22002658i 4500
=001  018916487
=003  Uk
=005  20180620093642.0
=007  ta
=008  180620c20189999enkqr\p\\\\\\\0\\\a0eng\\
=022  0\$a2517-6811$202
=040  \\$aUk$beng$cUk$erda
=222  \0$aQuarks colour world
=245  00$aQuarks colour world.
=263  \\$a201808
=264  \1$aLondon :$bEye to Eye Puzzles
=310  \\$aQuarterly
=336  \\$atext$2rdacontent
=337  \\$aunmediated$2rdamedia
=338  \\$avolume$2rdacarrier
=985  \\$aLDO SERIALS - PLEASE PASS ALL ITEMS RECEIVED TO ISSN UK CENTRE.
=CAT  \\$a11205$b40$c20180620$lBLL01$h0936
=FMT  \\$a  SE
=LAS  \\$a11205$b40$c20180620$lBLL01$h0936
=LET  \0$aQuarks colour world (Print)

