=LDR  00697 as a22002538i 4500
=001  018916507
=003  Uk
=005  20180620103712.0
=007  ta
=008  180620c20189999enkqr\p\\\\\\\0\\\a0eng\\
=022  0\$a2517-6838$202
=040  \\$aUk$beng$cUk$erda
=222  \0$aJunior puzzle fun
=245  00$aJunior puzzle fun.
=263  \\$a201808
=264  \1$aLondon :$bEye to Eye Puzzles
=310  \\$aQuarterly
=336  \\$atext$2rdacontent
=337  \\$aunmediated$2rdamedia
=985  \\$aLDO SERIALS - PLEASE PASS ALL ITEMS RECEIVED TO ISSN UK CENTRE.
=CAT  \\$a11205$b40$c20180620$lBLL01$h1037
=FMT  \\$a  SE
=LAS  \\$a11205$b40$c20180620$lBLL01$h1037
=LET  \0$aJunior puzzle fun (Print)

