=LDR  00970 as a22002778i 4500
=001  018916621
=003  Uk
=005  20180620140023.0
=007  ta
=008  180620c20199999enkqr\p\\\\\\\0\\\a0eng\\
=022  0\$a2517-6862$202
=040  \\$aUk$beng$cUk$erda
=222  \0$aReview of economic research, a journal of China finance$b(Print)
=245  00$aReview of economic research, a journal of China finance.
=263  \\$a201901
=264  \1$a[Reading] :$bPaths International Ltd
=310  \\$aQuarterly
=336  \\$atext$2rdacontent
=337  \\$aunmediated$2rdamedia
=338  \\$avolume$2rdacarrier
=776  08$iAlso issued online as:$tReview of economic research, a journal of China finance$x2517-6870
=985  \\$aLDO SERIALS - PLEASE PASS ALL ITEMS RECEIVED TO ISSN UK CENTRE.
=CAT  \\$a11205$b40$c20180620$lBLL01$h1400
=FMT  \\$a  SE
=LAS  \\$a11205$b40$c20180620$lBLL01$h1400
=LET  \0$aReview of economic research, a journal of China finance (Print)

