=LDR  01040cas a22003018i 4500
=001  018916635
=003  Uk
=005  20220728103122.0
=007  ta
=008  180620c20239999enkqr\p\\\\\\\0\\\a0eng\\
=022  0\$a2517-6889$202
=040  \\$aUk$beng$cUk$erda
=222  \0$aInternational journal of Northeast Asian studies$b(Print)
=245  00$aInternational journal of Northeast Asian studies.
=263  \\$a202307
=264  \1$a[Reading] :$bPaths International Ltd
=310  \\$aQuarterly
=336  \\$atext$2rdacontent
=337  \\$aunmediated$2rdamedia
=338  \\$avolume$2rdacarrier
=776  08$iAlso issued online as:$tInternational journal of Northeast Asian studies$x2517-6897
=985  \\$aLDO SERIALS - PLEASE PASS ALL ITEMS RECEIVED TO ISSN UK CENTRE.
=CAT  \\$a11205$b40$c20180620$lBLL01$h1415
=CAT  \\$a10973$b40$c20201027$lBLL01$h0709
=CAT  \\$a11130$b40$c20220728$lBLL01$h1031
=FMT  \\$a  SE
=LAS  \\$a11130$b40$c20220728$lBLL01$h1031
=LET  \0$aInternational journal of Northeast Asian studies (Print)

