=LDR  00797 as a22002778i 4500
=001  018918310
=003  Uk
=005  20180621142909.0
=007  ta
=008  180621c20189999enktr\p\\\\\\\0\\\a0eng\\
=022  0\$a2517-6943$202
=040  \\$aUk$beng$cUk$erda
=222  \0$aDesign anthology UK
=245  00$aDesign anthology UK.
=246  3\$aDesign anthology United Kingdom
=263  \\$a201812
=264  \1$aLondon :$bAstrid Media Limited
=310  \\$aThree times a year
=336  \\$atext$2rdacontent
=337  \\$aunmediated$2rdamedia
=338  \\$avolume$2rdacarrier
=985  \\$aLDO SERIALS - PLEASE PASS ALL ITEMS RECEIVED TO ISSN UK CENTRE.
=CAT  \\$a11205$b40$c20180621$lBLL01$h1429
=FMT  \\$a  SE
=LAS  \\$a11205$b40$c20180621$lBLL01$h1429
=LET  \0$aDesign anthology UK (Print)

