=LDR  01149cas a22003378i 4500
=001  018921144
=003  Uk
=005  20220513134419.0
=007  ta
=008  180626c20189999enkar\\\\r\\\\0\\\a0eng\\
=022  0\$a2517-6986$202
=040  \\$aUk$beng$cUk$erda
=222  \0$aCommercial$b(Qualify. Print)
=245  00$aCommercial ...
=246  3\$aRoyal Institute of British Architects commercial directory
=263  \\$a201806
=264  \1$aMacclesfield :$bZinc Media
=310  \\$aAnnual
=336  \\$atext$2rdacontent
=337  \\$aunmediated$2rdamedia
=338  \\$avolume$2rdacarrier
=985  \\$aLDO SERIALS - PLEASE PASS ALL ITEMS RECEIVED TO ISSN UK CENTRE.
=985  \\$a246 3_ added to aid record find - please delete if not on item (Richard (04/06/18)
=985  \\$aConsider c/t from 'Leisure and commercial' (ISSN 2049-6621)
=985  \\$aPlease link to ISSN 2517-6994 (Online) on completion
=CAT  \\$a10806$b40$c20180626$lBLL01$h1516
=CAT  \\$a10806$b40$c20180626$lBLL01$h1521
=CAT  \\$a10806$b40$c20220513$lBLL01$h1344
=FMT  \\$a  SE
=LAS  \\$a10806$b40$c20220513$lBLL01$h1344
=LET  \0$aRIBA Commercial (Print)

