=LDR  00802 as a22002778i 4500
=001  018923503
=003  Uk
=005  20180627161626.0
=007  ta
=008  180627c20189999enkmr\p\\\\\\\0\\\a0eng\\
=022  0\$a2517-7540$202
=040  \\$aUk$beng$cUk$erda
=222  \4$aThe agency nurse$b(Print)
=245  04$aThe agency nurse.
=263  \\$a201810
=264  \1$aLondon :$bThe Agency Nurse Ltd
=310  \\$aMonthly
=336  \\$atext$2rdacontent
=337  \\$aunmediated$2rdamedia
=338  \\$avolume$2rdacarrier
=776  08$iAlso issued online as:$tAgency nurse$x2517-7559
=985  \\$aLDO SERIALS - PLEASE PASS ALL ITEMS RECEIVED TO ISSN UK CENTRE.
=CAT  \\$a11205$b40$c20180627$lBLL01$h1616
=FMT  \\$a  SE
=LAS  \\$a11205$b40$c20180627$lBLL01$h1616
=LET  \4$aThe agency nurse (Print)

