=LDR  01139 as a22003018i 4500
=001  018923996
=003  Uk
=005  20180628153515.0
=007  ta
=008  180628c20199999enk\x\m\\\\\\\0\\\a0eng\\
=022  0\$a2517-7451$202
=040  \\$aUk$beng$cUk$erda
=222  \0$aSeries on climate change impacts, adaptation, and mitigation$b(Print)
=245  00$aSeries on climate change impacts, adaptation, and mitigation.
=263  \\$a201909
=264  \1$aLondon :$bWorld Scientific
=310  \\$aIrregular
=336  \\$atext$2rdacontent
=337  \\$aunmediated$2rdamedia
=338  \\$avolume$2rdacarrier
=776  08$iAlso issued online as:$tSeries on climate change impacts, adaptation, and mitigation$x2517-746X
=985  \\$aISSN UK Centre note: C/T from ISSN 2045-0311 - please add 78X and LKR fields when completing.
=985  \\$aLDO SERIALS - PLEASE PASS ALL ITEMS RECEIVED TO ISSN UK CENTRE.
=CAT  \\$a11313$b40$c20180628$lBLL01$h1532
=CAT  \\$a11313$b40$c20180628$lBLL01$h1535
=FMT  \\$a  SE
=LAS  \\$a11313$b40$c20180628$lBLL01$h1535
=LET  \0$aSeries on climate change impacts, adaptation, and mitigation (Print)

