=LDR  00854 as a22002778i 4500
=001  018936257
=003  Uk
=005  20190628110140.0
=007  ta
=008  180704c20189999enkgr\p\\\\\\\0\\\a0eng\\
=022  0\$a2517-7680$202
=040  \\$aUk$beng$cUk$erda
=222  \0$aTransnet ports development guide$b(Print)
=245  00$aTransnet ports development guide.
=263  \\$a201807
=264  \1$aColchester :$bLand & Marine Publications Limited
=310  \\$aBiennial
=336  \\$atext$2rdacontent
=337  \\$aunmediated$2rdamedia
=338  \\$avolume$2rdacarrier
=985  \\$aLDO SERIALS - PLEASE PASS ALL ITEMS RECEIVED TO ISSN UK CENTRE.
=CAT  \\$a11205$b40$c20180704$lBLL01$h0856
=CAT  \\$a11315$b40$c20190628$lBLL01$h1101
=FMT  \\$a  SE
=LAS  \\$a11315$b40$c20190628$lBLL01$h1101
=LET  \0$aTransnet ports development guide (Print)

