=LDR  02299cas a22005538i 4500
=001  018978286
=003  Uk
=005  20230331171106.0
=007  ta
=008  180717c20209999caufr\p\\\\\\\0\\\a0eng\\
=022  0\$a2631-309X$202
=040  \\$aUk$beng$cUk$erda
=222  \0$aJournal of white collar and corporate crime$b(Print)
=245  00$aJournal of white collar and corporate crime.
=263  \\$a202001
=264  \1$aThousand Oaks :$bSAGE Publishing
=310  \\$aSemiannual
=336  \\$atext$2rdacontent
=337  \\$aunmediated$2rdamedia
=338  \\$avolume$2rdacarrier
=540  \\$aCurrent Copyright Fee: GBP28.85$c0$5Uk
=985  \\$aLDO SERIALS - PLEASE PASS ALL ITEMS RECEIVED TO ISSN UK CENTRE.
=985  \\$aPlease link to ISSN 2631-3103 (Online) on completion.
=ACF  \\$aPrevious Copyright Fee: GBP28.80$c0$e01-jul-2020$fGBP28.80$g0$hC$5Uk
=ACF  \\$aPrevious Copyright Fee: GBP20.00$c0$e01-oct-2020$fGBP20.00$g0$hC$5Uk
=ACF  \\$aPrevious Copyright Fee: GBP22.50$c0$e01-jan-2021$fGBP22.50$g0$hC$5Uk
=ACF  \\$aPrevious Copyright Fee: GBP32.00$c0$e01-jan-2022$fGBP32.00$g0$hC$5Uk
=ACF  \\$aBritish Library not licensed to copy$c0$e01-jan-2023$hC$iCFP Excluded$5Uk
=CAT  \\$a11313$b40$c20180717$lBLL01$h0900
=CAT  \\$aBATCH-CLA$b00$c20200529$lBLL01$h1532
=CAT  \\$aIPL-CLA$c20200701$lBLL01$h0124
=CAT  \\$aBATCH-CLA$b00$c20200903$lBLL01$h1620
=CAT  \\$aIPL-CLA$c20200930$lBLL01$h1646
=CAT  \\$aBATCH-CLA$b00$c20201126$lBLL01$h1413
=CAT  \\$aIPL-CLA$c20201231$lBLL01$h2351
=CAT  \\$a10806$b40$c20210115$lBLL01$h1329
=CAT  \\$aBATCH-CLA$b00$c20211203$lBLL01$h0819
=CAT  \\$aIPL-CLA$c20211231$lBLL01$h1737
=CAT  \\$aBATCH-CLA$b00$c20221130$lBLL01$h1454
=CAT  \\$aIPL-CLA$c20221231$lBLL01$h2345
=CAT  \\$aBATCH-CLA$b00$c20230209$lBLL01$h1541
=CAT  \\$aIPL-CLA$c20230210$lBLL01$h0114
=CAT  \\$aBATCH-CLA$b00$c20230314$lBLL01$h1828
=CAT  \\$aIPL-CLA$c20230331$lBLL01$h1711
=CFI  0\$aCurrent Copyright Fee: GBP28.85$c0$e01-apr-2023$fGBP28.85$g0$hC$5Uk
=CFI  2\$aPrevious Copyright Fee: GBP32.00$c0$e09-feb-2023$fGBP32.00$g0$hC$5Uk
=FMT  \\$a  SE
=LAS  \\$aIPL-CLA$b00$c20230331$lBLL01$h1711
=LET  \0$aJournal of white collar and corporate crime (Print)

