=LDR  00760 as a22002778i 4500
=001  018978621
=003  Uk
=005  20180717134615.0
=007  ta
=008  180717c20189999enkfr\p\\\\\\\0\\\a0eng\\
=022  0\$a2517-7877$202
=040  \\$aUk$beng$cUk$erda
=222  \0$aHOODS$b(Print)
=245  00$aHOODS.
=263  \\$a201811
=264  \1$aLondon :$bAntonio Eugenio
=310  \\$aSemiannual
=336  \\$atext$2rdacontent
=337  \\$aunmediated$2rdamedia
=338  \\$avolume$2rdacarrier
=776  08$iAlso issued online as:$tHOODS$x2517-7885
=985  \\$aLDO SERIALS - PLEASE PASS ALL ITEMS RECEIVED TO ISSN UK CENTRE.
=CAT  \\$a10806$b40$c20180717$lBLL01$h1346
=FMT  \\$a  SE
=LAS  \\$a10806$b40$c20180717$lBLL01$h1346
=LET  \0$aHOODS (Print)

