=LDR  00724 as a22002658i 4500
=001  018981080
=003  Uk
=005  20180718100218.0
=007  ta
=008  180718c20189999enkar\p\\\\\\\0\\\a0eng\\
=022  0\$a2517-7915$202
=040  \\$aUk$beng$cUk$erda
=222  \0$aTop Gear Porsche
=245  00$aTop Gear Porsche.
=263  \\$a201808
=264  \1$aBristol :$bImmediate Media
=310  \\$aAnnual
=336  \\$atext$2rdacontent
=337  \\$aunmediated$2rdamedia
=338  \\$avolume$2rdacarrier
=985  \\$aLDO SERIALS - PLEASE PASS ALL ITEMS RECEIVED TO ISSN UK CENTRE.
=CAT  \\$a11205$b40$c20180718$lBLL01$h1002
=FMT  \\$a  SE
=LAS  \\$a11205$b40$c20180718$lBLL01$h1002
=LET  \0$aTop Gear Porsche (Print)

