=LDR  00798 as a22002778i 4500
=001  018981157
=003  Uk
=005  20180718114955.0
=007  ta
=008  180718c20189999enkqr\p\\\\\\\0\\\a0eng\\
=022  0\$a2517-7931$202
=040  \\$aUk$beng$cUk$erda
=222  \4$aThe Oxford worker$b(Print)
=245  04$aThe Oxford worker.
=263  \\$a201808
=264  \1$aOxford :$bOxford Worker
=310  \\$aQuarterly
=336  \\$atext$2rdacontent
=337  \\$aunmediated$2rdamedia
=338  \\$avolume$2rdacarrier
=776  08$iAlso issued online:$tOxford worker$x2517-794X
=985  \\$aLDO SERIALS - PLEASE PASS ALL ITEMS RECEIVED TO ISSN UK CENTRE.
=CAT  \\$a11205$b40$c20180718$lBLL01$h1149
=FMT  \\$a  SE
=LAS  \\$a11205$b40$c20180718$lBLL01$h1149
=LET  \4$aThe Oxford worker (Print)

