=LDR  00664 as a22002538i 4500
=001  018986399
=003  Uk
=005  20180723090529.0
=007  ta
=008  180723c20199999stkbr\p\\\\\\\0\\\a0eng\\
=022  0\$a2631-3480$202
=040  \\$aUk$beng$cUk$erda
=222  \0$aBMW tuner
=245  00$aBMW tuner.
=263  \\$a201901
=264  \1$aSteelend :$bM. Dow
=310  \\$aBimonthly
=336  \\$atext$2rdacontent
=337  \\$aunmediated$2rdamedia
=338  \\$avolume$2rdacarrier
=985  \\$aLDO SERIALS - PLEASE PASS ALL ITEMS RECEIVED TO ISSN UK CENTRE.
=CAT  \\$a11313$b40$c20180723$lBLL01$h0905
=FMT  \\$a  SE
=LAS  \\$a11313$b40$c20180723$lBLL01$h0905

