=LDR  00685 as a22002538i 4500
=001  018986443
=003  Uk
=005  20180723093557.0
=007  ta
=008  180723c20189999enkmr\p\\\\\\\0\\\a0eng\\
=022  0\$a2631-3499$202
=040  \\$aUk$beng$cUk$erda
=222  \0$aGreat anarchists
=245  00$aGreat anarchists.
=263  \\$a201808
=264  \1$aLondon :$bDog Section Press
=310  \\$aMonthly
=336  \\$atext$2rdacontent
=337  \\$aunmediated$2rdamedia
=338  \\$avolume$2rdacarrier
=985  \\$aLDO SERIALS - PLEASE PASS ALL ITEMS RECEIVED TO ISSN UK CENTRE.
=CAT  \\$a11313$b40$c20180723$lBLL01$h0935
=FMT  \\$a  SE
=LAS  \\$a11313$b40$c20180723$lBLL01$h0935

