=LDR  00721 as a22002658i 4500
=001  018989990
=003  Uk
=005  20180726093502.0
=007  ta
=008  180726c20189999enkqr\p\\\\\\\0\\\a0eng\\
=022  0\$a2631-3308$202
=040  \\$aUk$beng$cUk$erda
=222  \0$aMull magazine
=245  00$aMull magazine.
=263  \\$a201808
=264  \1$aManchester :$bMull Collective
=310  \\$aQuarterly
=336  \\$atext$2rdacontent
=337  \\$aunmediated$2rdamedia
=338  \\$avolume$2rdacarrier
=985  \\$aLDO SERIALS - PLEASE PASS ALL ITEMS RECEIVED TO ISSN UK CENTRE.
=CAT  \\$a11205$b40$c20180726$lBLL01$h0935
=FMT  \\$a  SE
=LAS  \\$a11205$b40$c20180726$lBLL01$h0935
=LET  \0$aMull magazine (Print)

