=LDR  00786 as a22002778i 4500
=001  018990072
=003  Uk
=005  20180914120150.0
=007  ta
=008  180726c20189999enkqr\p\\\\\\\0\\\a0eng\\
=022  0\$a2631-3332$202
=040  \\$aUk$beng$cUk$erda
=222  \0$aWellbeing special
=245  00$aWellbeing special.
=263  \\$a201809
=264  \1$aBristol :$bImmediate Media
=310  \\$aQuarterly
=336  \\$atext$2rdacontent
=337  \\$aunmediated$2rdamedia
=338  \\$avolume$2rdacarrier
=985  \\$aLDO SERIALS - PLEASE PASS ALL ITEMS RECEIVED TO ISSN UK CENTRE.
=CAT  \\$a11205$b40$c20180726$lBLL01$h1220
=CAT  \\$a10973$b40$c20180914$lBLL01$h1201
=FMT  \\$a  SE
=LAS  \\$a10973$b40$c20180914$lBLL01$h1201
=LET  \0$aWellbeing special series (Print)

