=LDR  00766 as a22002778i 4500
=001  019012546
=003  Uk
=005  20180808121500.0
=007  ta
=008  180808c20189999enkar\p\\\\\\\0\\\a0eng\\
=022  0\$a2631-4304$202
=040  \\$aUk$beng$cUk$erda
=222  \0$aGoPrivate guide
=245  00$aGoPrivate guide.
=263  \\$a201810
=264  \1$aLondon :$bLaingBuisson
=310  \\$aAnnual
=336  \\$atext$2rdacontent
=337  \\$aunmediated$2rdamedia
=338  \\$avolume$2rdacarrier
=985  \\$aLDO SERIALS - PLEASE PASS ALL ITEMS RECEIVED TO ISSN UK CENTRE.
=CAT  \\$a11205$b40$c20180808$lBLL01$h1214
=CAT  \\$a11205$b40$c20180808$lBLL01$h1215
=FMT  \\$a  SE
=LAS  \\$a11205$b40$c20180808$lBLL01$h1215
=LET  \0$aGoPrivate guide (Print)

