=LDR  00757 as a22002658i 4500
=001  019014157
=003  Uk
=005  20180926143231.0
=007  ta
=008  180810c20189999enkqr\p\\\\\\\0\\\a0eng\\
=022  0\$a2631-4177$202
=040  \\$aUk$beng$cUk$erda
=222  \0$aChampions League planner
=245  00$aChampions League planner.
=263  \\$a201810
=264  \1$aCoulsdon :$bMillcrest Distribution
=310  \\$aQuarterly
=336  \\$atext$2rdacontent
=337  \\$aunmediated$2rdamedia
=338  \\$avolume$2rdacarrier
=985  \\$aLDO SERIALS - PLEASE PASS ALL ITEMS RECEIVED TO ISSN UK CENTRE.
=CAT  \\$a11313$b40$c20180810$lBLL01$h0834
=CAT  \\$a7152$b40$c20180926$lBLL01$h1432
=FMT  \\$a  SE
=LAS  \\$a7152$b40$c20180926$lBLL01$h1432

