=LDR  00930 as a22002898i 4500
=001  019033979
=003  Uk
=005  20201126124121.0
=007  ta
=008  180829c20219999enkfr\p\\\\\\\0\\\a0eng\\
=022  0\$a2631-522X$202
=040  \\$aUk$beng$cUk$erda
=222  \0$aStudies in the history of healthcare$b(Print)
=245  00$aStudies in the history of healthcare.
=263  \\$a202112
=264  \1$aOxford :$bPeter Lang Ltd
=310  \\$aSemiannual
=336  \\$atext$2rdacontent
=337  \\$aunmediated$2rdamedia
=338  \\$avolume$2rdacarrier
=776  08$iAlso issued online as:$tStudies in the history of healthcare$x2631-5238
=985  \\$aLDO SERIALS - PLEASE PASS ALL ITEMS RECEIVED TO ISSN UK CENTRE.
=CAT  \\$a11205$b40$c20180829$lBLL01$h1408
=CAT  \\$a5466$b40$c20201126$lBLL01$h1241
=FMT  \\$a  SE
=LAS  \\$a5466$b40$c20201126$lBLL01$h1241
=LET  \0$aStudies in the history of healthcare (Print)

