=LDR  00916 as a22002658i 4500
=001  019033999
=003  Uk
=005  20180829142204.0
=007  ta
=008  180829c20209999enk\x\p\\\\\\\0\\\a0eng\\
=022  0\$a2631-5246$202
=040  \\$aUk$beng$cUk$erda
=222  \0$aDrug development and pharmaceutical science$b(Print)
=245  00$aDrug development and pharmaceutical science.
=263  \\$a202001
=264  \1$aCambridge :$bDrew Gwilliams [Royal Society of Chemistry]
=336  \\$atext$2rdacontent
=337  \\$aunmediated$2rdamedia
=338  \\$avolume$2rdacarrier
=776  08$iAlso issued online as:$tDrug development and pharmaceutical science$x2631-5254
=985  \\$aLDO SERIALS - PLEASE PASS ALL ITEMS RECEIVED TO ISSN UK CENTRE.
=CAT  \\$a11205$b40$c20180829$lBLL01$h1422
=FMT  \\$a  SE
=LAS  \\$a11205$b40$c20180829$lBLL01$h1422
=LET  \0$aDrug development and pharmaceutical science (Print)

