=LDR  00922 as a22002898i 4500
=001  019035027
=003  Uk
=005  20210226124248.0
=007  ta
=008  180831c20189999enkar\p\\\\\\\0\\\a0eng\\
=022  0\$a2631-3723$202
=040  \\$aUk$beng$cUk$erda
=222  \4$aThe report. Argentina$b(Print)
=245  04$aThe report.$pArgentina.
=263  \\$a201809
=264  \1$aLondon :$bOxford Business Group
=310  \\$aAnnual
=336  \\$atext$2rdacontent
=337  \\$aunmediated$2rdamedia
=338  \\$avolume$2rdacarrier
=985  \\$aLDO SERIALS - PLEASE PASS ALL ITEMS RECEIVED TO ISSN UK CENTRE.
=985  \\$aISSN UK Centre: see also online version, ISSN 2631-3731. Please add 776 to both records on completion.
=CAT  \\$a10973$b40$c20180831$lBLL01$h1202
=CAT  \\$a10973$b40$c20210226$lBLL01$h1242
=FMT  \\$a  SE
=LAS  \\$a10973$b40$c20210226$lBLL01$h1242
=LET  \4$aThe report. Argentina (Print)

