=LDR  00730 as a22002658i 4500
=001  019044236
=003  Uk
=005  20181217113023.0
=007  ta
=008  180906c20199999enkfr\p\\\\\\\0\\\a0eng\\
=022  0\$a2631-3820$202
=040  \\$aUk$beng$cUk$erda
=222  \0$aDepartment
=245  00$aDepartment.
=263  \\$a201903
=264  \1$aLondon :$bBirch Creative Limited
=310  \\$aSemiannual
=336  \\$atext$2rdacontent
=337  \\$aunmediated$2rdamedia
=338  \\$avolume$2rdacarrier
=985  \\$aLDO SERIALS - PLEASE PASS ALL ITEMS RECEIVED TO ISSN UK CENTRE.
=CAT  \\$a10973$b40$c20180906$lBLL01$h1342
=CAT  \\$a11130$b40$c20181217$lBLL01$h1130
=FMT  \\$a  SE
=LAS  \\$a11130$b40$c20181217$lBLL01$h1130

