=LDR  01636cas a22004338i 4500
=001  019044841
=003  Uk
=005  20230210011430.0
=007  ta
=008  180907c20189999enkqr\p\\\\\\\0\\\a0eng\\
=022  0\$a2631-5564$202
=040  \\$aUk$beng$cUk$erda
=222  \0$aDriving electric
=245  00$aDriving electric.
=263  \\$a201812
=264  \1$aLondon :$bDennis Publishing Ltd
=310  \\$aQuarterly
=336  \\$atext$2rdacontent
=337  \\$aunmediated$2rdamedia
=338  \\$avolume$2rdacarrier
=540  \\$aCurrent Copyright Fee: GBP25.00$c0$5Uk
=985  \\$aLDO SERIALS - PLEASE PASS ALL ITEMS RECEIVED TO ISSN UK CENTRE.
=985  \\$aISSN UK Centre note: Originally applied for as 'Charged'. ISSN UK, 21.02.2019.
=ACF  \\$aPrevious Copyright Fee: GBP20.00$c0$e01-jul-2020$fGBP20.00$g0$hC$5Uk
=ACF  \\$aPrevious Copyright Fee: GBP22.50$c0$e01-jan-2021$fGBP22.50$g0$hC$5Uk
=CAT  \\$a10973$b40$c20180907$lBLL01$h1523
=CAT  \\$a11313$b40$c20190221$lBLL01$h1159
=CAT  \\$aBATCH-CLA$b00$c20200529$lBLL01$h1534
=CAT  \\$aIPL-CLA$c20200701$lBLL01$h0125
=CAT  \\$aBATCH-CLA$b00$c20201126$lBLL01$h1402
=CAT  \\$aIPL-CLA$c20201231$lBLL01$h2351
=CAT  \\$aBATCH-CLA$b00$c20221130$lBLL01$h1439
=CAT  \\$aIPL-CLA$c20221231$lBLL01$h2346
=CAT  \\$aBATCH-CLA$b00$c20230209$lBLL01$h1526
=CAT  \\$aIPL-CLA$c20230210$lBLL01$h0114
=CFI  0\$aCurrent Copyright Fee: GBP25.00$c0$e09-feb-2023$fGBP25.00$g0$hC$5Uk
=CFI  2\$aBritish Library not licensed to copy$c0$e01-jan-2023$hC$iCFP Excluded$5Uk
=FMT  \\$a  SE
=LAS  \\$aIPL-CLA$b00$c20230210$lBLL01$h0114

