=LDR  00898 as a22002898i 4500
=001  019056544
=003  Uk
=005  20201015163931.0
=007  ta
=008  180919c20189999enkqr\p\\\\\\\0\\\a0eng\\
=022  0\$a2631-6080$202
=040  \\$aUk$beng$cUk$erda
=222  \0$aWell home$b(Print)
=245  00$aWell home.
=263  \\$a201810
=264  \1$aHitchin, Hertfordshire :$bWell Media Global Ltd
=310  \\$aQuarterly
=336  \\$atext$2rdacontent
=337  \\$aunmediated$2rdamedia
=338  \\$avolume$2rdacarrier
=985  \\$aISSN UK Centre: see also online version 2631-6099. Please add 776 to both records on completion.
=985  \\$aLDO SERIALS - PLEASE PASS ALL ITEMS RECEIVED TO ISSN UK CENTRE.
=CAT  \\$a10806$b40$c20180919$lBLL01$h1558
=CAT  \\$a10973$b40$c20201015$lBLL01$h1639
=FMT  \\$a  SE
=LAS  \\$a10973$b40$c20201015$lBLL01$h1639
=LET  \0$aWell home (Print)

