=LDR  00708 as a22002658i 4500
=001  019063694
=003  Uk
=005  20180926111011.0
=007  ta
=008  180926c20189999enkfr\p\\\\\\\0\\\a0eng\\
=022  0\$a2631-388X$202
=040  \\$aUk$beng$cUk$erda
=222  \0$aMiddle plane
=245  00$aMiddle plane.
=263  \\$a201811
=264  \1$aLondon :$bR. Monhait
=310  \\$aSemiannual
=336  \\$atext$2rdacontent
=337  \\$aunmediated$2rdamedia
=338  \\$avolume$2rdacarrier
=985  \\$aLDO SERIALS - PLEASE PASS ALL ITEMS RECEIVED TO ISSN UK CENTRE.
=CAT  \\$a7152$b40$c20180926$lBLL01$h1110
=FMT  \\$a  SE
=LAS  \\$a7152$b40$c20180926$lBLL01$h1110
=LET  \0$aMiddle plane (Print)

