=LDR  00686 as a22002538i 4500
=001  019063761
=003  Uk
=005  20180926122053.0
=007  ta
=008  180926c20199999enkqr\p\\\\\\\0\\\a0eng\\
=022  0\$a2631-648X$202
=040  \\$aUk$beng$cUk$erda
=222  \0$aCreative special
=245  00$aCreative special.
=263  \\$a201901
=264  \1$aBristol :$bImmediate Media
=310  \\$aQuarterly
=336  \\$atext$2rdacontent
=337  \\$aunmediated$2rdamedia
=338  \\$avolume$2rdacarrier
=985  \\$aLDO SERIALS - PLEASE PASS ALL ITEMS RECEIVED TO ISSN UK CENTRE.
=CAT  \\$a11205$b40$c20180926$lBLL01$h1220
=FMT  \\$a  SE
=LAS  \\$a11205$b40$c20180926$lBLL01$h1220

