=LDR  00696 as a22002538i 4500
=001  019063851
=003  Uk
=005  20180926155810.0
=007  ta
=008  180926c20189999enkfr\p\\\\\\\0\\\a0eng\\
=022  0\$a2631-6250$202
=040  \\$aUk$beng$cUk$erda
=222  \0$aCollection issue$b(Qualify)
=245  00$aCollection issue.
=263  \\$a201810
=264  \1$aLondon :$bEFEM Group Ltd
=310  \\$aSemiannual
=336  \\$atext$2rdacontent
=337  \\$aunmediated$2rdamedia
=338  \\$avolume$2rdacarrier
=985  \\$aLDO SERIALS - PLEASE PASS ALL ITEMS RECEIVED TO ISSN UK CENTRE.
=CAT  \\$a10973$b40$c20180926$lBLL01$h1558
=FMT  \\$a  SE
=LAS  \\$a10973$b40$c20180926$lBLL01$h1558

