=LDR  00780 as a22002778i 4500
=001  019063876
=003  Uk
=005  20190212113652.0
=007  ta
=008  180926c20199999enkqr\p\\\\\\\0\\\a0eng\\
=022  0\$a2631-6544$202
=040  \\$aUk$beng$cUk$erda
=222  \0$aFootball stars$b(Qualify)
=245  00$aFootball stars.
=263  \\$a201905
=264  \1$aDagenham :$bPost Scriptum
=310  \\$aQuarterly
=336  \\$atext$2rdacontent
=337  \\$aunmediated$2rdamedia
=338  \\$avolume$2rdacarrier
=985  \\$aLDO SERIALS - PLEASE PASS ALL ITEMS RECEIVED TO ISSN UK CENTRE.
=CAT  \\$a11205$b40$c20180926$lBLL01$h1642
=CAT  \\$a11130$b40$c20190212$lBLL01$h1136
=FMT  \\$a  SE
=LAS  \\$a11130$b40$c20190212$lBLL01$h1136
=LET  \0$aFootball stars (Print)

