=LDR  00725 as a22002658i 4500
=001  019064627
=003  Uk
=005  20181217113832.0
=007  ta
=008  180927c20199999enkbr\p\\\\\\\0\\\a0eng\\
=022  0\$a2631-3901$202
=040  \\$aUk$beng$cUk$erda
=222  \0$aManga big bang!
=245  00$aManga big bang!
=263  \\$a201902
=264  \1$aLondon :$bV. Wijaya
=310  \\$aBimonthly
=336  \\$atext$2rdacontent
=337  \\$aunmediated$2rdamedia
=338  \\$avolume$2rdacarrier
=985  \\$aLDO SERIALS - PLEASE PASS ALL ITEMS RECEIVED TO ISSN UK CENTRE.
=CAT  \\$a10973$b40$c20180927$lBLL01$h1048
=CAT  \\$a11130$b40$c20181217$lBLL01$h1138
=FMT  \\$a  SE
=LAS  \\$a11130$b40$c20181217$lBLL01$h1138

