=LDR  00680 as a22002538i 4500
=001  019064677
=003  Uk
=005  20180927115131.0
=007  ta
=008  180927c20189999enkfr\p\\\\\\\0\\\a0eng\\
=022  0\$a2631-3936$202
=040  \\$aUk$beng$cUk$erda
=222  \0$aSabra magazine
=245  00$aSabra magazine
=263  \\$a201810
=264  \1$aLondon :$bSabra Magazine
=310  \\$aSemiannual
=336  \\$atext$2rdacontent
=337  \\$aunmediated$2rdamedia
=338  \\$avolume$2rdacarrier
=985  \\$aLDO SERIALS - PLEASE PASS ALL ITEMS RECEIVED TO ISSN UK CENTRE.
=CAT  \\$a10973$b40$c20180927$lBLL01$h1151
=FMT  \\$a  SE
=LAS  \\$a10973$b40$c20180927$lBLL01$h1151

