=LDR  00730 as a22002658i 4500
=001  019064813
=003  Uk
=005  20190423115852.0
=007  ta
=008  180927c20199999enkar\p\\\\\\\0\\\a0eng\\
=022  0\$a2631-6757$202
=040  \\$aUk$beng$cUk$erda
=222  \4$aThe colour journal
=245  04$aThe colour journal.
=263  \\$a201909
=264  \1$aLondon :$bB. Grillon
=310  \\$aAnnual
=336  \\$atext$2rdacontent
=337  \\$aunmediated$2rdamedia
=338  \\$avolume$2rdacarrier
=985  \\$aLDO SERIALS - PLEASE PASS ALL ITEMS RECEIVED TO ISSN UK CENTRE.
=CAT  \\$a10973$b40$c20180927$lBLL01$h1405
=CAT  \\$a11130$b40$c20190423$lBLL01$h1158
=FMT  \\$a  SE
=LAS  \\$a11130$b40$c20190423$lBLL01$h1158

