=LDR  00699 as a22002538i 4500
=001  019064925
=003  Uk
=005  20180927162922.0
=007  ta
=008  180927c20189999enkmr\p\\\\\\\0\\\a0eng\\
=022  0\$a2631-6811$202
=040  \\$aUk$beng$cUk$erda
=222  \0$aBrilliant brainz
=245  00$aBrilliant brainz.
=263  \\$a201810
=264  \1$aWaltham Cross :$bBrilliant Publishing Ltd
=310  \\$aMonthly
=336  \\$atext$2rdacontent
=337  \\$aunmediated$2rdamedia
=338  \\$avolume$2rdacarrier
=985  \\$aLDO SERIALS - PLEASE PASS ALL ITEMS RECEIVED TO ISSN UK CENTRE.
=CAT  \\$a10973$b40$c20180927$lBLL01$h1629
=FMT  \\$a  SE
=LAS  \\$a10973$b40$c20180927$lBLL01$h1629

