=LDR  00718 as a22002658i 4500
=001  019066537
=003  Uk
=005  20181001085009.0
=007  ta
=008  181001c20189999enkbr\p\\\\\\\0\\\a0eng\\
=022  0\$a2631-6579$202
=040  \\$aUk$beng$cUk$erda
=222  \0$aOutdoor +
=245  00$aOutdoor +.
=246  3\$aOutdoor plus
=263  \\$a201811
=264  \1$aSutton, Surrey :$bSilverback Publishing Ltd
=310  \\$aBimonthly
=336  \\$atext$2rdacontent
=337  \\$aunmediated$2rdamedia
=338  \\$avolume$2rdacarrier
=985  \\$aLDO SERIALS - PLEASE PASS ALL ITEMS RECEIVED TO ISSN UK CENTRE.
=CAT  \\$a10806$b40$c20181001$lBLL01$h0850
=FMT  \\$a  SE
=LAS  \\$a10806$b40$c20181001$lBLL01$h0850

