=LDR  01019 as a22002778i 4500
=001  019070185
=003  Uk
=005  20181002111850.0
=007  ta
=008  181002c20199999enkuu\m\\\\\\\0\\\a0eng\\
=022  0\$a2631-6587$202
=040  \\$aUk$beng$cUk$erda
=222  \0$aWorld Scientific series in multinational investment and business$b(Print)
=245  00$aWorld Scientific series in multinational investment and business.
=263  \\$a201904
=264  \1$aLondon :$bWorld Scientific
=336  \\$atext$2rdacontent
=337  \\$aunmediated$2rdamedia
=338  \\$avolume$2rdacarrier
=776  08$iAlso issued online as:$tWorld Scientific series in multinational investment and business$x2631-6595
=985  \\$aLDO SERIALS - PLEASE PASS ALL ITEMS RECEIVED TO ISSN UK CENTRE.
=CAT  \\$a10806$b40$c20181002$lBLL01$h1116
=CAT  \\$a10806$b40$c20181002$lBLL01$h1118
=FMT  \\$a  SE
=LAS  \\$a10806$b40$c20181002$lBLL01$h1118
=LET  \0$aWorld Scientific series in multinational investment and business (Print)

