=LDR  00792 as a22002658i 4500
=001  019074560
=003  Uk
=005  20210329081643.0
=007  ta
=008  181003c20219999enkbr\p\\\\\\\0\\\a0eng\\
=022  0\$a2631-6617$202
=040  \\$aUk$beng$cUk$erda
=222  \0$aScale models international$b(Qualify)
=245  00$aScale models international.
=263  \\$a202112
=264  \1$aBletchley, Buckinghamshire :$bGuideline Publications
=310  \\$aBimonthly
=336  \\$atext$2rdacontent
=337  \\$aunmediated$2rdamedia
=338  \\$avolume$2rdacarrier
=985  \\$aLDO SERIALS - PLEASE PASS ALL ITEMS RECEIVED TO ISSN UK CENTRE.
=CAT  \\$a10806$b40$c20181003$lBLL01$h0840
=CAT  \\$a11130$b40$c20210329$lBLL01$h0816
=FMT  \\$a  SE
=LAS  \\$a11130$b40$c20210329$lBLL01$h0816

