=LDR  00671 as a22002538i 4500
=001  019078993
=003  Uk
=005  20181008102756.0
=007  ta
=008  181008c20189999enkqr\p\\\\\\\0\\\a0eng\\
=022  0\$a2631-6323$202
=040  \\$aUk$beng$cUk$erda
=222  \0$aSketch appeal
=245  00$aSketch appeal.
=263  \\$a201810
=264  \1$aLondon :$bD. Ball
=310  \\$aQuarterly
=336  \\$atext$2rdacontent
=337  \\$aunmediated$2rdamedia
=338  \\$avolume$2rdacarrier
=985  \\$aLDO SERIALS - PLEASE PASS ALL ITEMS RECEIVED TO ISSN UK CENTRE.
=CAT  \\$a11313$b40$c20181008$lBLL01$h1027
=FMT  \\$a  SE
=LAS  \\$a11313$b40$c20181008$lBLL01$h1027

