=LDR  00996 as a22002898i 4500
=001  019081478
=003  Uk
=005  20201005193404.0
=007  ta
=008  181010c20189999enkmr\p\\\\\\\0\\\a0eng\\
=022  0\$a2631-7001$202
=040  \\$aUk$beng$cUk$erda
=222  \0$aMy colouring fun book
=245  00$aMy colouring fun book.
=263  \\$a201811
=264  \1$aLondon :$bKeesing Media UK Ltd
=310  \\$aMonthly
=336  \\$atext$2rdacontent
=337  \\$aunmediated$2rdamedia
=338  \\$avolume$2rdacarrier
=985  \\$aLDO SERIALS - PLEASE PASS ALL ITEMS RECEIVED TO ISSN UK CENTRE.
=985  \\$aAwaiting copy to complete, Covid 19 has delayed issues being sent in from Keesing. Publisher states this title had issues published but is to be discontinued. SB. ISSN UK Centre. 5.10.2020
=CAT  \\$a11205$b40$c20181010$lBLL01$h1117
=CAT  \\$a7152$b40$c20201005$lBLL01$h1934
=FMT  \\$a  SE
=LAS  \\$a7152$b40$c20201005$lBLL01$h1934
=LET  \0$aMy colouring fun book (Print)

