=LDR  01112 as a22003138i 4500
=001  019083749
=003  Uk
=005  20190918084128.0
=007  ta
=008  181012c20199999enkbr\p\\\\\\\0\\\a0eng\\
=022  0\$a2631-6927$202
=040  \\$aUk$beng$cUk$erda
=222  \0$aTechnology business today
=245  00$aTechnology business today.
=263  \\$a201902
=264  \1$aDartford :$bMA Business Limited
=310  \\$aBimonthly
=336  \\$atext$2rdacontent
=337  \\$aunmediated$2rdamedia
=338  \\$avolume$2rdacarrier
=985  \\$aLDO SERIALS - PLEASE PASS ALL ITEMS RECEIVED TO ISSN UK CENTRE.
=985  \\$aPlease link to completed online record on completion (ISSN 2633-2477)
=985  \\$aApplication for online ISSN states that the print version has ceased and resource is online only from September 2019 - please update records accordingly.
=CAT  \\$a10973$b40$c20181012$lBLL01$h1124
=CAT  \\$a10806$b40$c20190916$lBLL01$h0930
=CAT  \\$a10806$b40$c20190918$lBLL01$h0835
=CAT  \\$a10806$b40$c20190918$lBLL01$h0841
=FMT  \\$a  SE
=LAS  \\$a10806$b40$c20190918$lBLL01$h0841

