=LDR  00945 as a22003018i 4500
=001  019085590
=003  Uk
=005  20181018150707.0
=007  ta
=008  181016c20199999enkbr\p\\\\\\\0\\\a0eng\\
=022  0\$a2631-7354$202
=040  \\$aUk$beng$cUk$erda
=222  \0$aIn Covent Garden$b(Print)
=245  00$aIn Covent Garden.
=263  \\$a201901
=264  \1$aLondon :$bC. Savage
=310  \\$aBimonthly
=336  \\$atext$2rdacontent
=337  \\$aunmediated$2rdamedia
=338  \\$avolume$2rdacarrier
=776  08$iAlso issued online as:$tIn Covent Garden$x2631-7362
=985  \\$aISSN UK Centre note: C/T from 'In and around Covent Garden' (no ISSN). 16.10.2018.
=985  \\$aLDO SERIALS - PLEASE PASS ALL ITEMS RECEIVED TO ISSN UK CENTRE.
=CAT  \\$a11313$b40$c20181016$lBLL01$h1009
=CAT  \\$a11313$b40$c20181018$lBLL01$h1507
=FMT  \\$a  SE
=LAS  \\$a11313$b40$c20181018$lBLL01$h1507
=LET  \0$aIn Covent Garden (Print)

