=LDR  00695 as a22002538i 4500
=001  019085759
=003  Uk
=005  20181016145137.0
=007  ta
=008  181016c20189999enkar\p\\\\\\\0\\\a0eng\\
=022  0\$a2631-7397$202
=040  \\$aUk$beng$cUk$erda
=222  \0$aLest we forget$b(Qualify)
=245  00$aLest we forget.
=263  \\$a201811
=264  \1$aGlasgow :$bHerald & Times Group
=310  \\$aAnnual
=336  \\$atext$2rdacontent
=337  \\$aunmediated$2rdamedia
=338  \\$avolume$2rdacarrier
=985  \\$aLDO SERIALS - PLEASE PASS ALL ITEMS RECEIVED TO ISSN UK CENTRE.
=CAT  \\$a11313$b40$c20181016$lBLL01$h1451
=FMT  \\$a  SE
=LAS  \\$a11313$b40$c20181016$lBLL01$h1451

