=LDR  00779 as a22002778i 4500
=001  019087862
=003  Uk
=005  20190704160650.0
=007  ta
=008  181017c20189999enkqr\p\\\\\\\0\\\a0eng\\
=022  0\$a2631-7486$202
=040  \\$aUk$beng$cUk$erda
=222  \0$aIce pop poetry$b(Print)
=245  00$aIce pop poetry.
=263  \\$a201812
=264  \1$aBeckenham :$bIce Pop Poetry
=310  \\$aQuarterly
=336  \\$atext$2rdacontent
=337  \\$aunmediated$2rdamedia
=338  \\$avolume$2rdacarrier
=985  \\$aLDO SERIALS - PLEASE PASS ALL ITEMS RECEIVED TO ISSN UK CENTRE.
=CAT  \\$a7152$b40$c20181017$lBLL01$h1055
=CAT  \\$a11205$b40$c20190704$lBLL01$h1606
=FMT  \\$a  SE
=LAS  \\$a11205$b40$c20190704$lBLL01$h1606
=LET  \0$aIce pop poetry (Print)

