=LDR  00839 as a22002778i 4500
=001  019088077
=003  Uk
=005  20190430110350.0
=007  ta
=008  181017c20209999enkwr\p\\\\\\\0\\\a0eng\\
=022  0\$a2631-7508$202
=040  \\$aUk$beng$cUk$erda
=222  \0$aDisney Frozen snow globe collection
=245  00$aDisney Frozen snow globe collection.
=263  \\$a202001
=264  \1$aLondon :$bDe Agostini Publishing Ltd
=310  \\$aWeekly
=336  \\$atext$2rdacontent
=337  \\$aunmediated$2rdamedia
=338  \\$avolume$2rdacarrier
=985  \\$aLDO SERIALS - PLEASE PASS ALL ITEMS RECEIVED TO ISSN UK CENTRE.
=CAT  \\$a7152$b40$c20181017$lBLL01$h1533
=CAT  \\$a11130$b40$c20190430$lBLL01$h1103
=FMT  \\$a  SE
=LAS  \\$a11130$b40$c20190430$lBLL01$h1103
=LET  \0$aDisney Frozen snow globe collection (Print)

