=LDR  01042 as a22003018i 4500
=001  019089817
=003  Uk
=005  20200120113543.0
=007  ta
=008  181018c20199999enktr\p\\\\\\\0\\\a0eng\\
=022  0\$a2631-7419$202
=040  \\$aUk$beng$cUk$erda
=222  \0$aJournal of psychosocial studies$b(Print)
=245  00$aJournal of psychosocial studies.
=263  \\$a201906
=264  \1$aBristol :$bPolicy Press
=310  \\$aThree issues yearly
=336  \\$atext$2rdacontent
=337  \\$aunmediated$2rdamedia
=338  \\$avolume$2rdacarrier
=985  \\$aISSN UK Centre note: Print version of ISSN 1478-6737 - please add 776 fields (and MNI to online record) when completing. ISSN UK, 18.10.2018.
=985  \\$aLDO SERIALS - PLEASE PASS ALL ITEMS RECEIVED TO ISSN UK CENTRE.
=CAT  \\$a11313$b40$c20181018$lBLL01$h0751
=CAT  \\$a11313$b40$c20181018$lBLL01$h0752
=CAT  \\$a8323$b40$c20200120$lBLL01$h1135
=FMT  \\$a  SE
=LAS  \\$a8323$b40$c20200120$lBLL01$h1135
=LET  \0$aJournal of psychosocial studies (Print)

