=LDR  00674 as a22002538i 4500
=001  019089828
=003  Uk
=005  20181018085148.0
=007  ta
=008  181018c20189999enkfr\p\\\\\\\0\\\a0eng\\
=022  0\$a2631-7737$202
=040  \\$aUk$beng$cUk$erda
=222  \0$aDazed beauty
=245  00$aDazed beauty.
=263  \\$a201811
=264  \1$aLondon :$bWaddell Ltd
=310  \\$aSemiannual
=336  \\$atext$2rdacontent
=337  \\$aunmediated$2rdamedia
=338  \\$avolume$2rdacarrier
=985  \\$aLDO SERIALS - PLEASE PASS ALL ITEMS RECEIVED TO ISSN UK CENTRE.
=CAT  \\$a11313$b40$c20181018$lBLL01$h0851
=FMT  \\$a  SE
=LAS  \\$a11313$b40$c20181018$lBLL01$h0851

