=LDR  00876 as a22003018i 4500
=001  019094700
=003  Uk
=005  20200311100922.0
=007  ta
=008  181022c20199999enkfr\p\\\\\\\0\\\a0eng\\
=022  0\$a2631-8172$202
=040  \\$aUk$beng$cUk$erda
=222  \0$aX$b(Portsmouth. Print)
=245  00$aX.
=263  \\$a202012
=264  \1$aPortsmouth :$bPortsmouth School of Architecture
=310  \\$aSemiannual
=336  \\$atext$2rdacontent
=337  \\$aunmediated$2rdamedia
=338  \\$avolume$2rdacarrier
=776  08$iAlso issued online as:$tX$x2631-8180
=985  \\$aLDO SERIALS - PLEASE PASS ALL ITEMS RECEIVED TO ISSN UK CENTRE.
=CAT  \\$a11313$b40$c20181022$lBLL01$h1250
=CAT  \\$a11130$b40$c20190624$lBLL01$h1128
=CAT  \\$a10973$b40$c20200311$lBLL01$h1009
=FMT  \\$a  SE
=LAS  \\$a10973$b40$c20200311$lBLL01$h1009
=LET  \0$aX (Print)

