=LDR  01035 as a22003258i 4500
=001  019098896
=003  Uk
=005  20181026143059.0
=007  ta
=008  181026c20189999enktr\p\\\\\\\0\\\a0eng\\
=022  0\$a2631-8288$202
=040  \\$aUk$beng$cUk$erda
=222  \0$aWHYTT magazine$b(Print)
=245  00$aWHYTT magazine.
=246  3\$aWhy try things magazine
=246  3\$aWhy try (new) things magazine
=263  \\$a201812
=264  \1$aChelmsford :$bWHYTT Magazine
=310  \\$aThree times a year
=336  \\$atext$2rdacontent
=337  \\$aunmediated$2rdamedia
=338  \\$avolume$2rdacarrier
=776  08$iAlso issued online as:$tWHYTT magazine$x2631-8296
=985  \\$aLDO SERIALS - PLEASE PASS ALL ITEMS RECEIVED TO ISSN UK CENTRE.
=985  \\$aISSN UK Centre note: assigned pre-pub as no copies of first issue available.
=CAT  \\$a10973$b40$c20181026$lBLL01$h1347
=CAT  \\$a10973$b40$c20181026$lBLL01$h1430
=FMT  \\$a  SE
=LAS  \\$a10973$b40$c20181026$lBLL01$h1430
=LET  \0$aWHYTT magazine (Print)

