=LDR  00948cas a22003018i 4500
=001  019104520
=003  Uk
=005  20220822153021.0
=007  ta
=008  181031c20239999enkqr\p\\\\\\\0\\\a0eng\\
=022  0\$a2631-7605$202
=040  \\$aUk$beng$cUk$erda
=222  \0$aGlobal health research$b(Print)
=245  00$aGlobal health research.
=263  \\$a202309
=264  \1$aSouthampton :$bNETSCC, University of Southampton
=310  \\$aQuarterly
=336  \\$atext$2rdacontent
=337  \\$aunmediated$2rdamedia
=338  \\$avolume$2rdacarrier
=776  08$iAlso issued online as:$tGlobal health research$x2631-7613
=985  \\$aLDO SERIALS - PLEASE PASS ALL ITEMS RECEIVED TO ISSN UK CENTRE.
=CAT  \\$a11205$b40$c20181031$lBLL01$h1437
=CAT  \\$a10973$b40$c20201027$lBLL01$h0716
=CAT  \\$a11130$b40$c20220822$lBLL01$h1530
=FMT  \\$a  SE
=LAS  \\$a11130$b40$c20220822$lBLL01$h1530
=LET  \0$aGlobal health research (Print)

