=LDR  00708 as a22002658i 4500
=001  019104552
=003  Uk
=005  20181031153226.0
=007  ta
=008  181031c20199999stkfr\p\\\\\\\0\\\a0eng\\
=022  0\$a2631-7621$202
=040  \\$aUk$beng$cUk$erda
=222  \0$aGlamcandy
=245  00$aGlamcandy.
=263  \\$a201901
=264  \1$aEdinburgh :$bPaige Gilbride
=310  \\$aSemiannual
=336  \\$atext$2rdacontent
=337  \\$aunmediated$2rdamedia
=338  \\$avolume$2rdacarrier
=985  \\$aLDO SERIALS - PLEASE PASS ALL ITEMS RECEIVED TO ISSN UK CENTRE.
=CAT  \\$a11205$b40$c20181031$lBLL01$h1532
=FMT  \\$a  SE
=LAS  \\$a11205$b40$c20181031$lBLL01$h1532
=LET  \0$aGlamcandy (Print)

