=LDR  00701 as a22002538i 4500
=001  019105465
=003  Uk
=005  20181101113111.0
=007  ta
=008  181101c20189999enkqr\m\\\\\\\0\\\a0eng\\
=022  0\$a2631-7656$202
=040  \\$aUk$beng$cUk$erda
=222  \0$aGuideline in action
=245  00$aGuideline in action.
=263  \\$a201811
=264  \1$aBletchley :$bGuideline Publications
=310  \\$aQuarterly
=336  \\$atext$2rdacontent
=337  \\$aunmediated$2rdamedia
=338  \\$avolume$2rdacarrier
=985  \\$aLDO SERIALS - PLEASE PASS ALL ITEMS RECEIVED TO ISSN UK CENTRE.
=CAT  \\$a10973$b40$c20181101$lBLL01$h1131
=FMT  \\$a  SE
=LAS  \\$a10973$b40$c20181101$lBLL01$h1131

