=LDR  00669 as a22002538i 4500
=001  019109246
=003  Uk
=005  20181102101030.0
=007  ta
=008  181102c20189999enkfr\p\\\\\\\0\\\a0eng\\
=022  0\$a2631-8547$202
=040  \\$aUk$beng$cUk$erda
=222  \0$aHot potato
=245  00$aHot potato.
=263  \\$a201811
=264  \1$aLondon :$bN. Farrell
=310  \\$aSemiannual
=336  \\$atext$2rdacontent
=337  \\$aunmediated$2rdamedia
=338  \\$avolume$2rdacarrier
=985  \\$aLDO SERIALS - PLEASE PASS ALL ITEMS RECEIVED TO ISSN UK CENTRE.
=CAT  \\$a11313$b40$c20181102$lBLL01$h1010
=FMT  \\$a  SE
=LAS  \\$a11313$b40$c20181102$lBLL01$h1010

