=LDR  00795 as a22002898i 4500
=001  019118525
=003  Uk
=005  20181107105958.0
=007  ta
=008  181107c20189999enkfr\p\\\\\\\0\\\a0eng\\
=022  0\$a2631-8113$202
=040  \\$aUk$beng$cUk$erda
=222  \0$aAntiqvvs$b(Print)
=245  00$aAntiqvvs.
=246  3\$aAntiquus
=263  \\$a201812
=264  \1$aLondon :$bGothick Press
=310  \\$aSemiannual
=336  \\$atext$2rdacontent
=337  \\$aunmediated$2rdamedia
=338  \\$avolume$2rdacarrier
=776  08$iAlso issued online as:$tAntiqvvs$x2631-8121
=985  \\$aLDO SERIALS - PLEASE PASS ALL ITEMS RECEIVED TO ISSN UK CENTRE.
=CAT  \\$a11205$b40$c20181107$lBLL01$h1059
=FMT  \\$a  SE
=LAS  \\$a11205$b40$c20181107$lBLL01$h1059
=LET  \0$aAntiqvvs (Print)

