=LDR  00712 as a22002538i 4500
=001  019119120
=003  Uk
=005  20181108113557.0
=007  ta
=008  181108c20199999enkar\p\\\\\\\0\\\a0eng\\
=022  0\$a2631-7699$202
=040  \\$aUk$beng$cUk$erda
=222  \0$aBritain's preserved railways
=245  00$aBritain's preserved railways.
=263  \\$a201909
=264  \1$aPeterborough :$bBauer Media
=310  \\$aAnnual
=336  \\$atext$2rdacontent
=337  \\$aunmediated$2rdamedia
=338  \\$avolume$2rdacarrier
=985  \\$aLDO SERIALS - PLEASE PASS ALL ITEMS RECEIVED TO ISSN UK CENTRE.
=CAT  \\$a10973$b40$c20181108$lBLL01$h1135
=FMT  \\$a  SE
=LAS  \\$a10973$b40$c20181108$lBLL01$h1135

