=LDR  00685 as a22002538i 4500
=001  019122591
=003  Uk
=005  20181113104352.0
=007  ta
=008  181113c20189999enkqr\p\\\\\\\0\\\a0eng\\
=022  0\$a2631-9039$202
=040  \\$aUk$beng$cUk$erda
=222  \0$a321 go special
=245  00$a321 go special.
=263  \\$a201812
=264  \1$aBristol :$bKennedy Publishing
=310  \\$aQuarterly
=336  \\$atext$2rdacontent
=337  \\$aunmediated$2rdamedia
=338  \\$avolume$2rdacarrier
=985  \\$aLDO SERIALS - PLEASE PASS ALL ITEMS RECEIVED TO ISSN UK CENTRE.
=CAT  \\$a11313$b40$c20181113$lBLL01$h1043
=FMT  \\$a  SE
=LAS  \\$a11313$b40$c20181113$lBLL01$h1043

