=LDR  00728 as a22002658i 4500
=001  019125137
=003  Uk
=005  20181114143641.0
=007  ta
=008  181114c20199999enkbr\p\\\\\\\0\\\a0eng\\
=022  0\$a2631-8660$202
=040  \\$aUk$beng$cUk$erda
=222  \0$aMade with love
=245  00$aMade with love.
=263  \\$a201901
=264  \1$aBristol :$bImmediate Media
=310  \\$aFive issues a year
=336  \\$atext$2rdacontent
=337  \\$aunmediated$2rdamedia
=338  \\$avolume$2rdacarrier
=985  \\$aLDO SERIALS - PLEASE PASS ALL ITEMS RECEIVED TO ISSN UK CENTRE.
=CAT  \\$a7152$b40$c20181114$lBLL01$h1436
=FMT  \\$a  SE
=LAS  \\$a7152$b40$c20181114$lBLL01$h1436
=LET  \0$aMade with love (Print)

