=LDR  00686 as a22002538i 4500
=001  019126416
=003  Uk
=005  20181116122106.0
=007  ta
=008  181116c20189999enkbr\p\\\\\\\0\\\a0eng\\
=022  0\$a2631-9144$202
=040  \\$aUk$beng$cUk$erda
=222  \4$aThe fence$b(Qualify)
=245  04$aThe fence.
=263  \\$a201812
=264  \1$aLondon :$bRevue Galleries Ltd
=310  \\$aBimonthly
=336  \\$atext$2rdacontent
=337  \\$aunmediated$2rdamedia
=338  \\$avolume$2rdacarrier
=985  \\$aLDO SERIALS - PLEASE PASS ALL ITEMS RECEIVED TO ISSN UK CENTRE.
=CAT  \\$a11313$b40$c20181116$lBLL01$h1221
=FMT  \\$a  SE
=LAS  \\$a11313$b40$c20181116$lBLL01$h1221

