=LDR  01104 as a22003138i 4500
=001  019130081
=003  Uk
=005  20190313141415.0
=007  ta
=008  181119c20189999enkbr\m\\\\\\\0\\\a0eng\\
=022  0\$a2631-9411$202
=040  \\$aUk$beng$cUk$erda
=222  \0$aCastlereagh's economic risk series$b(Print)
=245  00$aCastlereagh's economic risk series.
=263  \\$a201811
=264  \1$aLondon :$bCastlereagh Associates Consultancy Limited
=310  \\$aBimonthly
=336  \\$atext$2rdacontent
=337  \\$aunmediated$2rdamedia
=338  \\$avolume$2rdacarrier
=985  \\$aISSN UK Centre: see also online version (ISSN 2631-942X) ; please add 776 to both records on completion.
=985  \\$aLDO SERIALS - PLEASE PASS ALL ITEMS RECEIVED TO ISSN UK CENTRE.
=985  \\$aMonographic series. Do not accession items here
=CAT  \\$a11313$b40$c20181119$lBLL01$h0848
=CAT  \\$a10973$b40$c20190118$lBLL01$h1403
=CAT  \\$a8124$b40$c20190313$lBLL01$h1414
=FMT  \\$a  SE
=LAS  \\$a8124$b40$c20190313$lBLL01$h1414
=LET  \0$aCastlereagh's economic risk report series (Print)

