=LDR  00934 as a22002778i 4500
=001  019130646
=003  Uk
=005  20181120102923.0
=007  ta
=008  181120c20189999enkbr\p\\\\\\\0\\\a0eng\\
=022  0\$a2631-9500$202
=040  \\$aUk$beng$cUk$erda
=222  \0$aCastlereagh's political risk report series$b(Print)
=245  00$aCastlereagh's political risk report series.
=263  \\$a201812
=264  \1$aLondon :$bCastlereagh Associates Consultancy Limited
=310  \\$aBimonthly
=336  \\$atext$2rdacontent
=337  \\$aunmediated$2rdamedia
=338  \\$avolume$2rdacarrier
=776  08$iAlso issued online as:$tCastlereagh's political risk report series$x2631-9519
=985  \\$aLDO SERIALS - PLEASE PASS ALL ITEMS RECEIVED TO ISSN UK CENTRE.
=CAT  \\$a11313$b40$c20181120$lBLL01$h1029
=FMT  \\$a  SE
=LAS  \\$a11313$b40$c20181120$lBLL01$h1029
=LET  \0$aCastlereagh's political risk report series (Print)

