=LDR  00678 as a22002538i 4500
=001  019131013
=003  Uk
=005  20181120145744.0
=007  ta
=008  181120c20199999enkfr\p\\\\\\\0\\\a0eng\\
=022  0\$a2631-9586$202
=040  \\$aUk$beng$cUk$erda
=222  \0$aGaffer$b(Qualify)
=245  00$aGaffer.
=263  \\$a201902
=264  \1$aLondon :$bGAFFER Media Ltd
=310  \\$aSemiannual
=336  \\$atext$2rdacontent
=337  \\$aunmediated$2rdamedia
=338  \\$avolume$2rdacarrier
=985  \\$aLDO SERIALS - PLEASE PASS ALL ITEMS RECEIVED TO ISSN UK CENTRE.
=CAT  \\$a11313$b40$c20181120$lBLL01$h1457
=FMT  \\$a  SE
=LAS  \\$a11313$b40$c20181120$lBLL01$h1457

