=LDR  00673 as a22002538i 4500
=001  019131033
=003  Uk
=005  20181120153850.0
=007  ta
=008  181120c20199999enkmr\p\\\\\\\0\\\a0eng\\
=022  0\$a2631-9594$202
=040  \\$aUk$beng$cUk$erda
=222  \0$aBallymena buzz
=245  00$aBallymena buzz.
=263  \\$a201901
=264  \1$aCrumlin :$bB. Okane
=310  \\$aMonthly
=336  \\$atext$2rdacontent
=337  \\$aunmediated$2rdamedia
=338  \\$avolume$2rdacarrier
=985  \\$aLDO SERIALS - PLEASE PASS ALL ITEMS RECEIVED TO ISSN UK CENTRE.
=CAT  \\$a11313$b40$c20181120$lBLL01$h1538
=FMT  \\$a  SE
=LAS  \\$a11313$b40$c20181120$lBLL01$h1538

