=LDR  00702 as a22002658i 4500
=001  019141303
=003  Uk
=005  20181127115303.0
=007  ta
=008  181127c20199999enkqr\p\\\\\\\0\\\a0eng\\
=022  0\$a2632-0037$202
=040  \\$aUk$beng$cUk$erda
=222  \0$aNeedle felt
=245  00$aNeedle felt.
=246  13$aNeedlefelt
=263  \\$a201903
=264  \1$aManchester :$b35:35 Press
=310  \\$aQuarterly
=336  \\$atext$2rdacontent
=337  \\$aunmediated$2rdamedia
=338  \\$avolume$2rdacarrier
=985  \\$aLDO SERIALS - PLEASE PASS ALL ITEMS RECEIVED TO ISSN UK CENTRE.
=CAT  \\$a11313$b40$c20181127$lBLL01$h1153
=FMT  \\$a  SE
=LAS  \\$a11313$b40$c20181127$lBLL01$h1153

