=LDR  00773 as a22002778i 4500
=001  019143715
=003  Uk
=005  20181128093922.0
=007  ta
=008  181128c20199999enkqr\p\\\\\\\0\\\a0eng\\
=022  0\$a2632-0088$202
=040  \\$aUk$beng$cUk$erda
=222  \0$aBDM's craft series
=245  00$aBDM's craft series.
=246  3\$aBlack Dog Media's craft series
=263  \\$a201903
=264  \1$aTorquay :$bBlack Dog Media
=310  \\$aQuarterly
=336  \\$atext$2rdacontent
=337  \\$aunmediated$2rdamedia
=338  \\$avolume$2rdacarrier
=985  \\$aLDO SERIALS - PLEASE PASS ALL ITEMS RECEIVED TO ISSN UK CENTRE.
=CAT  \\$a11205$b40$c20181128$lBLL01$h0939
=FMT  \\$a  SE
=LAS  \\$a11205$b40$c20181128$lBLL01$h0939
=LET  \0$aBDM's craft (Print)

