=LDR  00938 as a22002778i 4500
=001  019143950
=003  Uk
=005  20181128160011.0
=007  ta
=008  181128c20199999enkbr\p\\\\\\\0\\\a0eng\\
=022  0\$a2632-0150$202
=040  \\$aUk$beng$cUk$erda
=222  \0$aCastlereagh's investment risk report series$b(Print)
=245  00$aCastlereagh's investment risk report series.
=263  \\$a201901
=264  \1$aLondon :$bCastlereagh Associates Consultancy Limited
=310  \\$aBimonthly
=336  \\$atext$2rdacontent
=337  \\$aunmediated$2rdamedia
=338  \\$avolume$2rdacarrier
=776  08$iAlso issued online as:$tCastlereagh's investment risk report series$x2632-0169
=985  \\$aLDO SERIALS - PLEASE PASS ALL ITEMS RECEIVED TO ISSN UK CENTRE.
=CAT  \\$a11205$b40$c20181128$lBLL01$h1600
=FMT  \\$a  SE
=LAS  \\$a11205$b40$c20181128$lBLL01$h1600
=LET  \0$aCastlereagh's investment risk report series (Print)

