=LDR  01259 as a22003258i 4500
=001  019147587
=003  Uk
=005  20200302115032.0
=007  ta
=008  181130c20199999enkzr\p\\\\\\\0\\\a0eng\\
=022  0\$a2632-0223$202
=040  \\$aUk$beng$cUk$erda
=222  \0$aJPND research and innovation strategy$b(Print)
=245  00$aJPND research and innovation strategy.
=246  3\$aJoint Programme Neurodegenerative Disease research and innovation strategy
=263  \\$a201901
=264  \1$aSwindon :$bUKRI Medical Research Council
=310  \\$aEvery five years
=336  \\$atext$2rdacontent
=337  \\$aunmediated$2rdamedia
=338  \\$avolume$2rdacarrier
=985  \\$aISSN UK Centre note: C/T from ISSN 2049-3290 - please add 78X and LKR fields when completing. ISSN UK, 30.11.2018.
=985  \\$aLDO SERIALS - PLEASE PASS ALL ITEMS RECEIVED TO ISSN UK CENTRE.
=985  \\$aISSN UK Centre: see also online version, ISSN 2632-0231. Please add 776 to both records on completion.
=CAT  \\$a11313$b40$c20181130$lBLL01$h0916
=CAT  \\$a11313$b40$c20181130$lBLL01$h0920
=CAT  \\$a10973$b40$c20200302$lBLL01$h1150
=FMT  \\$a  SE
=LAS  \\$a10973$b40$c20200302$lBLL01$h1150
=LET  \0$aJPND research and innovation strategy (Print)

