=LDR  00709 as a22002658i 4500
=001  019154874
=003  Uk
=005  20181203101530.0
=007  ta
=008  181203c20199999enkfr\p\\\\\\\0\\\a0eng\\
=022  0\$a2632-0266$202
=040  \\$aUk$beng$cUk$erda
=222  \0$aHands + heart
=245  00$aHands + heart.
=246  3\$aHands and heart
=263  \\$a201902
=264  \1$aLondon :$bB. Puppo Amo
=310  \\$aSemiannual
=336  \\$atext$2rdacontent
=337  \\$aunmediated$2rdamedia
=338  \\$avolume$2rdacarrier
=985  \\$aLDO SERIALS - PLEASE PASS ALL ITEMS RECEIVED TO ISSN UK CENTRE.
=CAT  \\$a11313$b40$c20181203$lBLL01$h1015
=FMT  \\$a  SE
=LAS  \\$a11313$b40$c20181203$lBLL01$h1015

