=LDR  00763 as a22002538i 4500
=001  019156389
=003  Uk
=005  20181204103216.0
=007  ta
=008  181204c20199999enkfr\p\\\\\\\0\\\a0eng\\
=022  0\$a2632-0320$202
=040  \\$aUk$beng$cUk$erda
=222  \4$aThe University of Hull student social work journal
=245  04$aThe University of Hull student social work journal.
=263  \\$a201902
=264  \1$aHull$bE. Price, University of Hull
=310  \\$aSemiannual
=336  \\$atext$2rdacontent
=337  \\$aunmediated$2rdamedia
=338  \\$avolume$2rdacarrier
=985  \\$aLDO SERIALS - PLEASE PASS ALL ITEMS RECEIVED TO ISSN UK CENTRE.
=CAT  \\$a11313$b40$c20181204$lBLL01$h1032
=FMT  \\$a  SE
=LAS  \\$a11313$b40$c20181204$lBLL01$h1032

