=LDR  00920 as a22002898i 4500
=001  019164263
=003  Uk
=005  20181205161536.0
=007  ta
=008  181205c20199999enker\p\\\\\\\0\\\a0eng\\
=022  0\$a2631-9802$202
=040  \\$aUk$beng$cUk$erda
=222  \0$aRally car collection$b(Qualify)
=245  00$aRally car collection.
=263  \\$a201902
=264  \1$aLondon :$bDeAgostini UK
=310  \\$aBiweekly
=336  \\$atext$2rdacontent
=337  \\$aunmediated$2rdamedia
=338  \\$avolume$2rdacarrier
=985  \\$aLDO SERIALS - PLEASE PASS ALL ITEMS RECEIVED TO ISSN UK CENTRE.
=985  \\$aISSN UK Contre note: Not a relaunch of: Rally car collection, ISSN 1743-3657. Please correspondence in file.
=CAT  \\$a11205$b40$c20181205$lBLL01$h1614
=CAT  \\$a11205$b40$c20181205$lBLL01$h1615
=FMT  \\$a  SE
=LAS  \\$a11205$b40$c20181205$lBLL01$h1615
=LET  \0$aRally car collection (Print)

