=LDR  00979 as a22002898i 4500
=001  019176624
=003  Uk
=005  20200310144232.0
=007  ta
=008  181212c20199999enkqr\p\\\\\\\0\\\a0eng\\
=022  0\$a2631-9853$202
=040  \\$aUk$beng$cUk$erda
=222  \0$aTranslational research insights$b(Print)
=245  00$aTranslational research insights.
=263  \\$a201901
=264  \1$aDurham :$bDurham University Evidence Centre for Education
=310  \\$aQuarterly
=336  \\$atext$2rdacontent
=337  \\$aunmediated$2rdamedia
=338  \\$avolume$2rdacarrier
=985  \\$aISSN UK Centre: see also online version ISSN 2631-9861. Please add 776 to both records on completion.
=985  \\$aLDO SERIALS - PLEASE PASS ALL ITEMS RECEIVED TO ISSN UK CENTRE.
=CAT  \\$a10806$b40$c20181212$lBLL01$h1434
=CAT  \\$a10973$b40$c20200310$lBLL01$h1442
=FMT  \\$a  SE
=LAS  \\$a10973$b40$c20200310$lBLL01$h1442
=LET  \0$aTranslational research insights (Print)

