=LDR  01021 as a22002778i 4500
=001  019185676
=003  Uk
=005  20181218114122.0
=007  ta
=008  181218c20199999enkfr\p\\\\\\\0\\\a0eng\\
=022  0\$a2632-0673$202
=040  \\$aUk$beng$cUk$erda
=222  \0$aInternational Society for Sustainable Fashion official journal$b(Print)
=245  00$aInternational Society for Sustainable Fashion official journal.
=263  \\$a201901
=264  \1$aSheffield :$bInternational Society for Sustainable Fashion
=310  \\$aSemiannual
=336  \\$atext$2rdacontent
=337  \\$aunmediated$2rdamedia
=338  \\$avolume$2rdacarrier
=776  08$iAlso issued online as:$tInternational Society for Sustainable Fashion official journal$x2632-0681
=985  \\$aLDO SERIALS - PLEASE PASS ALL ITEMS RECEIVED TO ISSN UK CENTRE.
=CAT  \\$a10806$b40$c20181218$lBLL01$h1141
=FMT  \\$a  SE
=LAS  \\$a10806$b40$c20181218$lBLL01$h1141
=LET  \0$aInternational Society for Sustainable Fashion official journal (Print)

