=LDR  00848 as a22002898i 4500
=001  019187588
=003  Uk
=005  20191212103001.0
=007  ta
=008  181219c20199999enkar\p\\\\\\\0\\\a0eng\\
=022  0\$a2632-0924$202
=040  \\$aUk$beng$cUk$erda
=222  \4$aThe city as place$b(Print)
=245  04$aThe city as place.
=263  \\$a202212
=264  \1$aOxford :$bPeter Lang Ltd
=310  \\$aAnnual
=336  \\$atext$2rdacontent
=337  \\$aunmediated$2rdamedia
=338  \\$avolume$2rdacarrier
=776  08$iAlso issued online as:$tCity as place$x2632-0932
=985  \\$aLDO SERIALS - PLEASE PASS ALL ITEMS RECEIVED TO ISSN UK CENTRE.
=CAT  \\$a10973$b40$c20181219$lBLL01$h1201
=CAT  \\$a10973$b40$c20191212$lBLL01$h1030
=FMT  \\$a  SE
=LAS  \\$a10973$b40$c20191212$lBLL01$h1030
=LET  \4$aThe city as place (Print)

