=LDR  00745 as a22002658i 4500
=001  019191982
=003  Uk
=005  20190318141437.0
=007  ta
=008  181221c20199999enk\x\p\\\\\\\0\\\a0eng\\
=022  0\$a2632-0967$202
=040  \\$aUk$beng$cUk$erda
=222  \0$aPattern recognition$b(Qualify)
=245  00$aPattern recognition.
=263  \\$a201905
=264  \1$aLondon :$bC. Edrich
=310  \\$aIrregular
=336  \\$atext$2rdacontent
=337  \\$aunmediated$2rdamedia
=338  \\$avolume$2rdacarrier
=985  \\$aLDO SERIALS - PLEASE PASS ALL ITEMS RECEIVED TO ISSN UK CENTRE.
=CAT  \\$a11313$b40$c20181221$lBLL01$h1042
=CAT  \\$a11130$b40$c20190318$lBLL01$h1414
=FMT  \\$a  SE
=LAS  \\$a11130$b40$c20190318$lBLL01$h1414

