=LDR  02717cas a22005898i 4500
=001  019194841
=003  Uk
=005  20230331171114.0
=007  ta
=008  181227c20199999caufr\p\\\\\\\0\\\a0eng\\
=022  0\$a2632-0770$202
=040  \\$aUk$beng$cUk$erda
=222  \0$aJournal of prevention and health promotion$b(Print)
=245  00$aJournal of prevention and health promotion.
=263  \\$a201907
=264  \1$aThousand Oaks :$bSAGE Publishing
=310  \\$aSemiannual
=336  \\$atext$2rdacontent
=337  \\$aunmediated$2rdamedia
=338  \\$avolume$2rdacarrier
=540  \\$aCurrent Copyright Fee: GBP28.85$c0$5Uk
=985  \\$aLDO SERIALS - PLEASE PASS ALL ITEMS RECEIVED TO ISSN UK CENTRE.
=985  \\$aPlease link to ISSN 2632-0789 on completion.
=985  \\$aEmail from SAGE (30/01/23) - why have both print and online records not been completed? Online record was not coded correctly (now fixed). Asked Cassie to send a print copy for my attention (Richard, 31/01/23). Update - printing in US so will be late Feb/early March 2023 by time copy gets to us (Richard, 01/02/23)
=ACF  \\$aPrevious Copyright Fee: GBP28.80$c0$e01-jul-2020$fGBP28.80$g0$hC$5Uk
=ACF  \\$aPrevious Copyright Fee: GBP20.00$c0$e01-oct-2020$fGBP20.00$g0$hC$5Uk
=ACF  \\$aPrevious Copyright Fee: GBP22.50$c0$e01-jan-2021$fGBP22.50$g0$hC$5Uk
=ACF  \\$aPrevious Copyright Fee: GBP32.00$c0$e01-jan-2022$fGBP32.00$g0$hC$5Uk
=ACF  \\$aBritish Library not licensed to copy$c0$e01-jan-2023$hC$iCFP Excluded$5Uk
=CAT  \\$a11205$b40$c20181227$lBLL01$h1403
=CAT  \\$aBATCH-CLA$b00$c20200529$lBLL01$h1533
=CAT  \\$aIPL-CLA$c20200701$lBLL01$h0125
=CAT  \\$aBATCH-CLA$b00$c20200903$lBLL01$h1620
=CAT  \\$aIPL-CLA$c20200930$lBLL01$h1646
=CAT  \\$aBATCH-CLA$b00$c20201126$lBLL01$h1413
=CAT  \\$aIPL-CLA$c20201231$lBLL01$h2352
=CAT  \\$aBATCH-CLA$b00$c20211203$lBLL01$h0814
=CAT  \\$aIPL-CLA$c20211231$lBLL01$h1737
=CAT  \\$aBATCH-CLA$b00$c20221130$lBLL01$h1436
=CAT  \\$aIPL-CLA$c20221231$lBLL01$h2346
=CAT  \\$a10806$b40$c20230131$lBLL01$h0834
=CAT  \\$a10806$b40$c20230131$lBLL01$h0847
=CAT  \\$a10806$b40$c20230201$lBLL01$h0843
=CAT  \\$aBATCH-CLA$b00$c20230209$lBLL01$h1523
=CAT  \\$aIPL-CLA$c20230210$lBLL01$h0114
=CAT  \\$aBATCH-CLA$b00$c20230314$lBLL01$h1827
=CAT  \\$aIPL-CLA$c20230331$lBLL01$h1711
=CFI  0\$aCurrent Copyright Fee: GBP28.85$c0$e01-apr-2023$fGBP28.85$g0$hC$5Uk
=CFI  2\$aPrevious Copyright Fee: GBP32.00$c0$e09-feb-2023$fGBP32.00$g0$hC$5Uk
=FMT  \\$a  SE
=LAS  \\$aIPL-CLA$b00$c20230331$lBLL01$h1711
=LET  \0$aJournal of prevention and health promotion (Print)

