=LDR  00866 as a22002898i 4500
=001  019200293
=003  Uk
=005  20190325120540.0
=007  ta
=008  190107c20199999wlkqr\p\\\\\\\0\\\a0eng\\
=022  0\$a2632-0878$202
=040  \\$aUk$beng$cUk$erda
=222  \0$aTilia magazine$b(Print)
=245  00$aTilia magazine.
=263  \\$a201903
=264  \1$aCaernarfon, Gwynedd :$bHerbary Publications
=310  \\$aQuarterly
=336  \\$atext$2rdacontent
=337  \\$aunmediated$2rdamedia
=338  \\$avolume$2rdacarrier
=985  \\$aLDO SERIALS - PLEASE PASS ALL ITEMS RECEIVED TO ISSN UK CENTRE.
=985  \\$aPlease link to ISSN 2632-5225 (Online) on completion.
=CAT  \\$a10806$b40$c20190107$lBLL01$h1145
=CAT  \\$a10806$b40$c20190325$lBLL01$h1205
=FMT  \\$a  SE
=LAS  \\$a10806$b40$c20190325$lBLL01$h1205
=LET  \0$aTilia magazine (Print)

