=LDR  00833 as a22002778i 4500
=001  019200350
=003  Uk
=005  20190107132613.0
=007  ta
=008  190107c20199999enkqr\p\\\\\\\0\\\a0eng\\
=022  0\$a2632-1025$202
=040  \\$aUk$beng$cUk$erda
=222  \0$aGenetics in epilepsy$b(Print)
=245  00$aGenetics in epilepsy.
=263  \\$a201901
=264  \1$aCambridge :$bCambridge University Press
=310  \\$aQuarterly
=336  \\$atext$2rdacontent
=337  \\$aunmediated$2rdamedia
=338  \\$avolume$2rdacarrier
=776  08$iAlso issued online as:$tGenetics in epilepsy$x2632-1033
=985  \\$aLDO SERIALS - PLEASE PASS ALL ITEMS RECEIVED TO ISSN UK CENTRE.
=CAT  \\$a11313$b40$c20190107$lBLL01$h1326
=FMT  \\$a  SE
=LAS  \\$a11313$b40$c20190107$lBLL01$h1326
=LET  \0$aGenetics in epilepsy (Print)

