=LDR  00729 as a22002658i 4500
=001  019200552
=003  Uk
=005  20190415111432.0
=007  ta
=008  190108c20199999enkwr\p\\\\\\\0\\\a0eng\\
=022  0\$a2632-0894$202
=040  \\$aUk$beng$cUk$erda
=222  \0$aOliver Twiss
=245  00$aOliver Twiss.
=263  \\$a201909
=264  \1$aLondon :$bPaekakariki Press Ltd
=310  \\$aWeekly
=336  \\$atext$2rdacontent
=337  \\$aunmediated$2rdamedia
=338  \\$avolume$2rdacarrier
=985  \\$aLDO SERIALS - PLEASE PASS ALL ITEMS RECEIVED TO ISSN UK CENTRE.
=CAT  \\$a10806$b40$c20190108$lBLL01$h0823
=CAT  \\$a11130$b40$c20190415$lBLL01$h1114
=FMT  \\$a  SE
=LAS  \\$a11130$b40$c20190415$lBLL01$h1114

