=LDR  00894 as a22002778i 4500
=001  019200902
=003  Uk
=005  20200203142324.0
=007  ta
=008  190108c20219999enkwr\n\\\\\\\0\\\a0eng\\
=022  0\$a2632-1122$202
=040  \\$aUk$beng$cUk$erda
=222  \4$aThe Plymouth independent$b(Qualify)
=245  04$aThe Plymouth independent.
=263  \\$a202102
=264  \1$aTruro :$bIndependent Media Ltd
=310  \\$aWeekly
=336  \\$atext$2rdacontent
=337  \\$aunmediated$2rdamedia
=338  \\$avolume$2rdacarrier
=985  \\$aISSN UK Centre note: C/T from ISSN 2515-7957 - please add 78X and LKR fields when completing. ISSN UK, 08.01.2019.
=985  \\$aLDO SERIALS - PLEASE PASS ALL ITEMS RECEIVED TO ISSN UK CENTRE.
=CAT  \\$a11313$b40$c20190108$lBLL01$h1419
=CAT  \\$a10806$b40$c20200203$lBLL01$h1423
=FMT  \\$a  SE
=LAS  \\$a10806$b40$c20200203$lBLL01$h1423

