=LDR  01631 as a22004098i 4500
=001  019213573
=003  Uk
=005  20191121151605.0
=007  ta
=008  190116c20209999enkqr\p\\\\\\\0\\\a0eng\\
=022  0\$a2631-8881$202
=040  \\$aUk$beng$cUk$erda
=222  \0$aInternational journal of emerging computing for sustainable agriculture$b(Print)
=245  00$aInternational journal of emerging computing for sustainable agriculture.
=263  \\$a202001
=264  \1$aOlney :$bInderscience Publishers
=310  \\$aQuarterly
=336  \\$atext$2rdacontent
=337  \\$aunmediated$2rdamedia
=338  \\$avolume$2rdacarrier
=540  \\$aCurrent copyright fee: GBP28.00$c48\0$5Uk
=776  08$iAlso issued online as:$tInternational journal of emerging computing for sustainable agriculture$x2631-889X
=856  \\$31850-9999$uhttp://www.inderscience.com/$xBLDSS
=945  \\$aInternational journal of emerging computing for sustainable agriculture.
=979  \\$aBritish Library$bDSC$j4542.232770N
=985  \\$aLDO SERIALS - PLEASE PASS ALL ITEMS RECEIVED TO ISSN UK CENTRE.
=CAT  \\$a7152$b40$c20190116$lBLL01$h1336
=CAT  \\$a11205$b40$c20190123$lBLL01$h1031
=CAT  \\$a5552$b40$c20191113$lBLL01$h1434
=CAT  \\$aBLDSS-3PM$b00$c20191121$lBLL01$h1516
=CAT  \\$aBATCH-UPD$b00$c20191121$lBLL01$h1516
=CFI  0\$aCurrent copyright fee: GBP28.00$c48\0$e13-nov-2019$fGBP28.00$g0$hP$5Uk
=FFP  \\$aY$bBLDSS-3PM
=FMT  \\$a  SE
=LAS  \\$aBATCH-UPD$b00$c20191121$lBLL01$h1516
=LET  \0$aInternational journal of emerging computing for sustainable agriculture (Print)
=UNO  \\$aY

