=LDR  00687 as a22002538i 4500
=001  019214525
=003  Uk
=005  20190117113512.0
=007  ta
=008  190117c20199999enkqr\p\\\\\\\0\\\a0eng\\
=022  0\$a2632-1521$202
=040  \\$aUk$beng$cUk$erda
=222  \0$aGood volks magazine
=245  00$aGood volks magazine.
=263  \\$a201901
=264  \1$aManchester :$bP. Davy
=310  \\$aQuarterly
=336  \\$atext$2rdacontent
=337  \\$aunmediated$2rdamedia
=338  \\$avolume$2rdacarrier
=985  \\$aLDO SERIALS - PLEASE PASS ALL ITEMS RECEIVED TO ISSN UK CENTRE.
=CAT  \\$a10973$b40$c20190117$lBLL01$h1135
=FMT  \\$a  SE
=LAS  \\$a10973$b40$c20190117$lBLL01$h1135

