=LDR  00737 as a22002658i 4500
=001  019224214
=003  Uk
=005  20190125091807.0
=007  ta
=008  190125c20199999enkbr\p\\\\\\\0\\\a0eng\\
=022  0\$a2632-1564$202
=040  \\$aUk$beng$cUk$erda
=222  \0$aHome buyer magazine
=245  00$aHome buyer magazine.
=263  \\$a201902
=264  \1$aLondon :$bHomebuyer Media Ltd
=310  \\$aBimonthly
=336  \\$atext$2rdacontent
=337  \\$aunmediated$2rdamedia
=338  \\$avolume$2rdacarrier
=985  \\$aLDO SERIALS - PLEASE PASS ALL ITEMS RECEIVED TO ISSN UK CENTRE.
=CAT  \\$a7152$b40$c20190125$lBLL01$h0918
=FMT  \\$a  SE
=LAS  \\$a7152$b40$c20190125$lBLL01$h0918
=LET  \0$aHome buyer magazine (Print)

