=LDR  00674 as a22002538i 4500
=001  019226133
=003  Uk
=005  20190129084750.0
=007  ta
=008  190129c20199999enkmr\p\\\\\\\0\\\a0eng\\
=022  0\$a2632-2129$202
=040  \\$aUk$beng$cUk$erda
=222  \0$aManolozine
=245  00$aManolozine.
=263  \\$a201901
=264  \1$aBrighton :$bM. Ortega Ortega
=310  \\$aMonthly
=336  \\$atext$2rdacontent
=337  \\$aunmediated$2rdamedia
=338  \\$avolume$2rdacarrier
=985  \\$aLDO SERIALS - PLEASE PASS ALL ITEMS RECEIVED TO ISSN UK CENTRE.
=CAT  \\$a11313$b40$c20190129$lBLL01$h0847
=FMT  \\$a  SE
=LAS  \\$a11313$b40$c20190129$lBLL01$h0847

