=LDR  00767 as a22002538i 4500
=001  019226542
=003  Uk
=005  20190129155636.0
=007  ta
=008  190129c20199999enkar\p\\\\\\\0\\\a0eng\\
=022  0\$a2632-2676$202
=040  \\$aUk$beng$cUk$erda
=222  \0$aChester forum edited proceedings
=245  00$aChester forum edited proceedings.
=263  \\$a201902
=264  \1$aChester :$bBusiness Research Institute / China Centre of University of Chester
=310  \\$aAnnual
=336  \\$atext$2rdacontent
=337  \\$aunmediated$2rdamedia
=338  \\$avolume$2rdacarrier
=985  \\$aLDO SERIALS - PLEASE PASS ALL ITEMS RECEIVED TO ISSN UK CENTRE.
=CAT  \\$a11313$b40$c20190129$lBLL01$h1556
=FMT  \\$a  SE
=LAS  \\$a11313$b40$c20190129$lBLL01$h1556

