=LDR  00679 as a22002538i 4500
=001  019247215
=003  Uk
=005  20190206164330.0
=007  ta
=008  190206c20199999enkfr\p\\\\\\\0\\\a0eng\\
=022  0\$a2632-2730$202
=040  \\$aUk$beng$cUk$erda
=222  \0$aCarton$b(Qualify)
=245  00$aCarton.
=263  \\$a201905
=264  \1$aLondon :$bNumbered Editions
=310  \\$aSemiannual
=336  \\$atext$2rdacontent
=337  \\$aunmediated$2rdamedia
=338  \\$avolume$2rdacarrier
=985  \\$aLDO SERIALS - PLEASE PASS ALL ITEMS RECEIVED TO ISSN UK CENTRE.
=CAT  \\$a10973$b40$c20190206$lBLL01$h1643
=FMT  \\$a  SE
=LAS  \\$a10973$b40$c20190206$lBLL01$h1643

