=LDR  00775 as a22002658i 4500
=001  019251028
=003  Uk
=005  20190212154756.0
=007  ta
=008  190212c20199999enkmr\p\\\\\\\0\\\a0eng\\
=022  0\$a2632-220X$202
=040  \\$aUk$beng$cUk$erda
=222  \0$aASDA classic crossword selection
=245  00$aASDA classic crossword selection.
=263  \\$a201903
=264  \1$aLondon :$bKeesing Media UK Ltd
=310  \\$aMonthly
=336  \\$atext$2rdacontent
=337  \\$aunmediated$2rdamedia
=338  \\$avolume$2rdacarrier
=985  \\$aLDO SERIALS - PLEASE PASS ALL ITEMS RECEIVED TO ISSN UK CENTRE.
=CAT  \\$a7152$b40$c20190212$lBLL01$h1547
=FMT  \\$a  SE
=LAS  \\$a7152$b40$c20190212$lBLL01$h1547
=LET  \0$aASDA classic crossword selection (Print)

