=LDR  01181cas a22003498i 4500
=001  019254580
=003  Uk
=005  20230210011440.0
=007  ta
=008  190214c20199999enkar\p\\\\\\\0\\\a0eng\\
=022  0\$a2632-2285$202
=040  \\$aUk$beng$cUk$erda
=222  \0$aTesco kids big quiz book
=245  00$aTesco kids big quiz book.
=263  \\$a201912
=264  \1$aRedhill :$bPuzzler Media Ltd
=310  \\$aAnnual
=336  \\$atext$2rdacontent
=337  \\$aunmediated$2rdamedia
=338  \\$avolume$2rdacarrier
=540  \\$aCurrent Copyright Fee: GBP25.00$c0$5Uk
=985  \\$aLDO SERIALS - PLEASE PASS ALL ITEMS RECEIVED TO ISSN UK CENTRE.
=CAT  \\$a10973$b40$c20190214$lBLL01$h1356
=CAT  \\$a11130$b40$c20190919$lBLL01$h0748
=CAT  \\$aBATCH-CLA$b00$c20221130$lBLL01$h1428
=CAT  \\$aIPL-CLA$c20221231$lBLL01$h2347
=CAT  \\$aBATCH-CLA$b00$c20230209$lBLL01$h1516
=CAT  \\$aIPL-CLA$c20230210$lBLL01$h0114
=CFI  0\$aCurrent Copyright Fee: GBP25.00$c0$e09-feb-2023$fGBP25.00$g0$hC$5Uk
=CFI  2\$aBritish Library not licensed to copy$c0$e01-jan-2023$hC$iCFP Excluded$5Uk
=FMT  \\$a  SE
=LAS  \\$aIPL-CLA$b00$c20230210$lBLL01$h0114

