=LDR  00680 as a22002538i 4500
=001  019255296
=003  Uk
=005  20190215142222.0
=007  ta
=008  190215c20199999enkfr\p\\\\\\\0\\\a0eng\\
=022  0\$a2632-3478$202
=040  \\$aUk$beng$cUk$erda
=222  \0$aEye flash
=245  00$aEye flash.
=263  \\$a201904
=264  \1$aNewport, Isle of Wight :$bC. Begg
=310  \\$aSemiannual
=336  \\$atext$2rdacontent
=337  \\$aunmediated$2rdamedia
=338  \\$avolume$2rdacarrier
=985  \\$aLDO SERIALS - PLEASE PASS ALL ITEMS RECEIVED TO ISSN UK CENTRE.
=CAT  \\$a10973$b40$c20190215$lBLL01$h1422
=FMT  \\$a  SE
=LAS  \\$a10973$b40$c20190215$lBLL01$h1422

