=LDR  00856 as a22002778i 4500
=001  019261206
=003  Uk
=005  20190726103355.0
=007  ta
=008  190220c20209999enkqr\p\\\\\\\0\\\a0eng\\
=022  0\$a2632-3567$202
=040  \\$aUk$beng$cUk$erda
=222  \0$aStereo analogue England-takes on the 1970s
=245  00$aStereo analogue England-takes on the 1970s.
=263  \\$a202001
=264  \1$aLondon :$bMain Objective Ltd
=310  \\$aQuarterly
=336  \\$atext$2rdacontent
=337  \\$aunmediated$2rdamedia
=338  \\$avolume$2rdacarrier
=985  \\$aLDO SERIALS - PLEASE PASS ALL ITEMS RECEIVED TO ISSN UK CENTRE.
=CAT  \\$a11205$b40$c20190220$lBLL01$h1544
=CAT  \\$a11130$b40$c20190726$lBLL01$h1033
=FMT  \\$a  SE
=LAS  \\$a11130$b40$c20190726$lBLL01$h1033
=LET  \0$aStereo analogue England-takes on the 1970s (Print)

