=LDR  00652 as a22002538i 4500
=001  019279766
=003  Uk
=005  20190305134050.0
=007  ta
=008  190305c20199999enkfr\p\\\\\\\0\\\a0eng\\
=022  0\$a2632-4431$202
=040  \\$aUk$beng$cUk$erda
=222  \0$aSuki
=245  00$aSuki.
=263  \\$a201907
=264  \1$aLondon :$bH. Lu
=310  \\$aSemiannual
=336  \\$atext$2rdacontent
=337  \\$aunmediated$2rdamedia
=338  \\$avolume$2rdacarrier
=985  \\$aLDO SERIALS - PLEASE PASS ALL ITEMS RECEIVED TO ISSN UK CENTRE.
=CAT  \\$a11313$b40$c20190305$lBLL01$h1340
=FMT  \\$a  SE
=LAS  \\$a11313$b40$c20190305$lBLL01$h1340

