=LDR  00698 as a22002538i 4500
=001  019287108
=003  Uk
=005  20190307081943.0
=007  ta
=008  190307c20199999enkfr\p\\\\\\\0\\\a0eng\\
=022  0\$a2632-4474$202
=040  \\$aUk$beng$cUk$erda
=222  \0$aOur island
=245  00$aOur island.
=263  \\$a201903
=264  \1$aAndreas, Isle of Man :$bOffshore Public Relations
=310  \\$aSemiannual
=336  \\$atext$2rdacontent
=337  \\$aunmediated$2rdamedia
=338  \\$avolume$2rdacarrier
=985  \\$aLDO SERIALS - PLEASE PASS ALL ITEMS RECEIVED TO ISSN UK CENTRE.
=CAT  \\$a11313$b40$c20190307$lBLL01$h0819
=FMT  \\$a  SE
=LAS  \\$a11313$b40$c20190307$lBLL01$h0819

