=LDR  00728 as a22002658i 4500
=001  019287140
=003  Uk
=005  20190307110111.0
=007  ta
=008  190307c20199999enkfr\p\\\\\\\0\\\a0eng\\
=022  0\$a2632-2390$202
=040  \\$aUk$beng$cUk$erda
=222  \0$aMW magazine$b(Qualify)
=245  00$aMW magazine.
=246  3\$aMenswear womenswear magazine
=263  \\$a201903
=264  \1$aLondon :$bM. Mystidis
=310  \\$aSemiannual
=336  \\$atext$2rdacontent
=337  \\$aunmediated$2rdamedia
=338  \\$avolume$2rdacarrier
=985  \\$aLDO SERIALS - PLEASE PASS ALL ITEMS RECEIVED TO ISSN UK CENTRE.
=CAT  \\$a10973$b40$c20190307$lBLL01$h1101
=FMT  \\$a  SE
=LAS  \\$a10973$b40$c20190307$lBLL01$h1101

