=LDR  00659 as a22002538i 4500
=001  019294750
=003  Uk
=005  20190311140055.0
=007  ta
=008  190311c20199999enkfr\p\\\\\\\0\\\a0eng\\
=022  0\$a2632-4202$202
=040  \\$aUk$beng$cUk$erda
=222  \0$aNomenus
=245  00$aNomenus.
=263  \\$a201905
=264  \1$aLondon:$bNomenus
=310  \\$aSemiannual
=336  \\$atext$2rdacontent
=337  \\$aunmediated$2rdamedia
=338  \\$avolume$2rdacarrier
=985  \\$aLDO SERIALS - PLEASE PASS ALL ITEMS RECEIVED TO ISSN UK CENTRE.
=CAT  \\$a10806$b40$c20190311$lBLL01$h1400
=FMT  \\$a  SE
=LAS  \\$a10806$b40$c20190311$lBLL01$h1400

