=LDR  01823 as a22004578i 4500
=001  019296025
=003  Uk
=005  20210310120503.0
=007  ta
=008  190312c20199999enkqr\p\\\\\\\0\\\a0eng\\
=022  0\$a2632-4636$202
=040  \\$aUk$beng$cUk$erda
=222  \0$aIndian journal of clinical cardiology$b(Print)
=245  00$aIndian journal of clinical cardiology.
=263  \\$a201903
=264  \1$aLondon :$bSAGE Publishing
=310  \\$aQuarterly
=336  \\$atext$2rdacontent
=337  \\$aunmediated$2rdamedia
=338  \\$avolume$2rdacarrier
=540  \\$aCurrent copyright fee: zero$c19\0$5Uk
=776  08$iAlso issued online as:$tIndian journal of clinical cardiology$x2632-4644
=856  \\$31850-9999$uhttp://www.uk.sagepub.com/home.nav$xBLDSS
=945  \\$aIndian journal of clinical cardiology
=979  \\$aBritish Library$bDSC$j4410.743000N
=985  \\$aLDO SERIALS - PLEASE PASS ALL ITEMS RECEIVED TO ISSN UK CENTRE.
=985  \\$aISSN UK Centre: see also online version ISSN 2632-4644, please add 776 to both records on completion.
=985  \\$aISSN UK Centre: Portal record has been confirmed by IC (Keepers) - print format copy requested 14/12/20 to update local record & confirm details.
=CAT  \\$a11313$b40$c20190312$lBLL01$h0758
=CAT  \\$a5552$b40$c20190418$lBLL01$h0837
=CAT  \\$aBLDSS-3PM$b00$c20190424$lBLL01$h1555
=CAT  \\$aBATCH-UPD$b00$c20190424$lBLL01$h1556
=CAT  \\$a10973$b40$c20201215$lBLL01$h1316
=CAT  \\$a10806$b40$c20201229$lBLL01$h0836
=CAT  \\$a8323$b40$c20210310$lBLL01$h1205
=CFI  0\$aCurrent copyright fee: zero$c19\0$e18-apr-2019$fGBP0.00$g0$hP$5Uk
=FFP  \\$aY$bBLDSS-3PM
=FMT  \\$a  SE
=LAS  \\$a8323$b40$c20210310$lBLL01$h1205
=LET  \0$aIndian journal of clinical cardiology (Print)
=UNO  \\$aY

