=LDR  00781 as a22002778i 4500
=001  019298653
=003  Uk
=005  20190604122003.0
=007  ta
=008  190313c20199999enkqr\p\\\\\\\0\\\a0eng\\
=022  0\$a2632-4261$202
=040  \\$aUk$beng$cUk$erda
=222  \0$aProtein business
=245  00$aProtein business.
=263  \\$a201911
=264  \1$aHartfield :$bBlackness Lane Ltd
=310  \\$aQuarterly
=336  \\$atext$2rdacontent
=337  \\$aunmediated$2rdamedia
=338  \\$avolume$2rdacarrier
=985  \\$aLDO SERIALS - PLEASE PASS ALL ITEMS RECEIVED TO ISSN UK CENTRE.
=CAT  \\$a10806$b40$c20190313$lBLL01$h0949
=CAT  \\$a11130$b40$c20190604$lBLL01$h1220
=FMT  \\$a  SE
=LAS  \\$a11130$b40$c20190604$lBLL01$h1220
=LET  \0$aProtein business (Print)

