=LDR  01005 as a22002898i 4500
=001  019307444
=003  Uk
=005  20190319140308.0
=007  ta
=008  190319c20199999stkfr\p\\\\\\\0\\\a0eng\\
=022  0\$a2632-3958$202
=040  \\$aUk$beng$cUk$erda
=222  \0$aEMRI journal of business philosophy$b(Print)
=245  00$aEMRI journal of business philosophy.
=246  3\$aEdinburgh Multicultural Research Institute journal of business philosophy
=263  \\$a201906
=264  \1$aEdinburgh :$bEdinburgh Multicultural Research Institute
=310  \\$aTwo issues yearly
=336  \\$atext$2rdacontent
=337  \\$aunmediated$2rdamedia
=338  \\$avolume$2rdacarrier
=776  08$iAlso issued online as:$tEMRI journal of business philosophy$x2632-3966
=985  \\$aLDO SERIALS - PLEASE PASS ALL ITEMS RECEIVED TO ISSN UK CENTRE.
=CAT  \\$a7152$b40$c20190319$lBLL01$h1403
=FMT  \\$a  SE
=LAS  \\$a7152$b40$c20190319$lBLL01$h1403
=LET  \0$aEMRI journal of business philosophy (Print)

