=LDR  00753 as a22002658i 4500
=001  019310688
=003  Uk
=005  20190320155231.0
=007  ta
=008  190320c20199999enkbr\p\\\\\\\0\\\a0eng\\
=022  0\$a2632-3974$202
=040  \\$aUk$beng$cUk$erda
=222  \0$aPuzzlelife killer sudoku
=245  00$aPuzzlelife killer sudoku.
=263  \\$a201908
=264  \1$aLondon :$bKeesing Media UK Ltd
=310  \\$aBimonthly
=336  \\$atext$2rdacontent
=337  \\$aunmediated$2rdamedia
=338  \\$avolume$2rdacarrier
=985  \\$aLDO SERIALS - PLEASE PASS ALL ITEMS RECEIVED TO ISSN UK CENTRE.
=CAT  \\$a7152$b40$c20190320$lBLL01$h1552
=FMT  \\$a  SE
=LAS  \\$a7152$b40$c20190320$lBLL01$h1552
=LET  \0$aPuzzlelife killer sudoku (Print)

