=LDR  00714 as a22002658i 4500
=001  019312945
=003  Uk
=005  20200311094754.0
=007  ta
=008  190321c20209999enkmr\p\\\\\\\0\\\a0eng\\
=022  0\$a2632-3990$202
=040  \\$aUk$beng$cUk$erda
=222  \0$aSoccerazzi
=245  00$aSoccerazzi.
=263  \\$a202201
=264  \1$aLondon :$bA. Egenti
=310  \\$aMonthly
=336  \\$atext$2rdacontent
=337  \\$aunmediated$2rdamedia
=338  \\$avolume$2rdacarrier
=985  \\$aLDO SERIALS - PLEASE PASS ALL ITEMS RECEIVED TO ISSN UK CENTRE.
=CAT  \\$a10973$b40$c20190321$lBLL01$h1044
=CAT  \\$a10973$b40$c20200311$lBLL01$h0947
=FMT  \\$a  SE
=LAS  \\$a10973$b40$c20200311$lBLL01$h0947

