=LDR  00668 as a22002538i 4500
=001  019323543
=003  Uk
=005  20190325161146.0
=007  ta
=008  190325c20199999enkar\p\\\\\\\0\\\a0eng\\
=022  0\$a2632-5543$202
=040  \\$aUk$beng$cUk$erda
=222  \0$aVeganuary
=245  00$aVeganuary.
=263  \\$a201911
=264  \1$aEarls Colne :$bK. Coomber
=310  \\$aAnnual
=336  \\$atext$2rdacontent
=337  \\$aunmediated$2rdamedia
=338  \\$avolume$2rdacarrier
=985  \\$aLDO SERIALS - PLEASE PASS ALL ITEMS RECEIVED TO ISSN UK CENTRE.
=CAT  \\$a11313$b40$c20190325$lBLL01$h1611
=FMT  \\$a  SE
=LAS  \\$a11313$b40$c20190325$lBLL01$h1611

