=LDR  00744 as a22002658i 4500
=001  019325630
=003  Uk
=005  20191205160040.0
=007  ta
=008  190326c20209999enkwr\p\\\\\\\0\\\a0eng\\
=022  0\$a2632-5551$202
=040  \\$aUk$beng$cUk$erda
=222  \0$aDisney cross stitch
=245  00$aDisney cross stitch.
=263  \\$a202001
=264  \1$aLondon :$bHachette Partworks Ltd
=310  \\$aWeekly
=336  \\$atext$2rdacontent
=337  \\$aunmediated$2rdamedia
=338  \\$avolume$2rdacarrier
=985  \\$aLDO SERIALS - PLEASE PASS ALL ITEMS RECEIVED TO ISSN UK CENTRE.
=CAT  \\$a11313$b40$c20190326$lBLL01$h0734
=CAT  \\$a11130$b40$c20191205$lBLL01$h1600
=FMT  \\$a  SE
=LAS  \\$a11130$b40$c20191205$lBLL01$h1600

