=LDR  00791 as a22002778i 4500
=001  019330119
=003  Uk
=005  20190327104557.0
=007  ta
=008  190327c20199999enkbr\p\\\\\\\0\\\a0eng\\
=022  0\$a2632-525X$202
=040  \\$aUk$beng$cUk$erda
=222  \0$aBritish bride$b(Print)
=245  00$aBritish bride.
=263  \\$a201904
=264  \1$aAylesbury :$bJason Biswas
=310  \\$aBimonthly
=336  \\$atext$2rdacontent
=337  \\$aunmediated$2rdamedia
=338  \\$avolume$2rdacarrier
=776  08$iAlso issued online as:$tBritish bride$x2632-5268
=985  \\$aLDO SERIALS - PLEASE PASS ALL ITEMS RECEIVED TO ISSN UK CENTRE.
=CAT  \\$a10806$b40$c20190327$lBLL01$h1045
=FMT  \\$a  SE
=LAS  \\$a10806$b40$c20190327$lBLL01$h1045
=LET  \0$aBritish bride (Print)

