=LDR  00883 as a22002778i 4500
=001  019330303
=003  Uk
=005  20190327153239.0
=007  ta
=008  190327c20199999enkar\p\\\\\\\0\\\a0eng\\
=022  0\$a2632-5691$202
=040  \\$aUk$beng$cUk$erda
=222  \0$aInvestigations of lens and screen arts$b(Print)
=245  00$aInvestigations of lens and screen arts.
=263  \\$a201905
=264  \1$aBristol :$bIntellect
=310  \\$aAnnual
=336  \\$atext$2rdacontent
=337  \\$aunmediated$2rdamedia
=338  \\$avolume$2rdacarrier
=776  08$iAlso issued online as:$tInvestigations of lens and screen arts$x2632-5705
=985  \\$aLDO SERIALS - PLEASE PASS ALL ITEMS RECEIVED TO ISSN UK CENTRE.
=CAT  \\$a11205$b40$c20190327$lBLL01$h1532
=FMT  \\$a  SE
=LAS  \\$a11205$b40$c20190327$lBLL01$h1532
=LET  \0$aInvestigations of lens and screen arts (Print)

