=LDR  00765 as a22002778i 4500
=001  019352078
=003  Uk
=005  20190403131120.0
=007  ta
=008  190403c20199999stktr\p\\\\\\\0\\\a0eng\\
=022  0\$a2632-4148$202
=040  \\$aUk$beng$cUk$erda
=222  \0$aSkylife$b(Qualify)
=245  00$aSkylife.
=246  3\$aSky life
=263  \\$a201905
=264  \1$aGlasgow :$bNewsquest Scotland
=310  \\$aThree times a year
=336  \\$atext$2rdacontent
=337  \\$aunmediated$2rdamedia
=338  \\$avolume$2rdacarrier
=985  \\$aLDO SERIALS - PLEASE PASS ALL ITEMS RECEIVED TO ISSN UK CENTRE.
=CAT  \\$a10973$b40$c20190403$lBLL01$h1310
=CAT  \\$a10973$b40$c20190403$lBLL01$h1311
=FMT  \\$a  SE
=LAS  \\$a10973$b40$c20190403$lBLL01$h1311

