=LDR  00695 as a22002538i 4500
=001  019352107
=003  Uk
=005  20190403135826.0
=007  ta
=008  190403c20199999enktr\p\\\\\\\0\\\a0eng\\
=022  0\$a2632-4679$202
=040  \\$aUk$beng$cUk$erda
=222  \0$aHope Valley journal
=245  00$aHope Valley journal.
=263  \\$a201904
=264  \1$aEdale :$bK. Chappell
=310  \\$aThree times a year
=336  \\$atext$2rdacontent
=337  \\$aunmediated$2rdamedia
=338  \\$avolume$2rdacarrier
=985  \\$aLDO SERIALS - PLEASE PASS ALL ITEMS RECEIVED TO ISSN UK CENTRE.
=CAT  \\$a10973$b40$c20190403$lBLL01$h1358
=FMT  \\$a  SE
=LAS  \\$a10973$b40$c20190403$lBLL01$h1358

