=LDR  00875 as a22002658i 4500
=001  019352160
=003  Uk
=005  20190403144928.0
=007  ta
=008  190403c20199999enk\x\p\\\\\\\0\\\a0eng\\
=022  0\$a2632-4687$202
=040  \\$aUk$beng$cUk$erda
=222  \0$aElements in autism spectrum disorders$b(Print)
=245  00$aElements in autism spectrum disorders.
=263  \\$a201907
=264  \1$aCambridge :$bCambridge University Press
=336  \\$atext$2rdacontent
=337  \\$aunmediated$2rdamedia
=338  \\$avolume$2rdacarrier
=776  08$iAlso issued online as:$tElements in autism spectrum disorders$x2632-4695
=985  \\$aLDO SERIALS - PLEASE PASS ALL ITEMS RECEIVED TO ISSN UK CENTRE.
=CAT  \\$a10973$b40$c20190403$lBLL01$h1449
=FMT  \\$a  SE
=LAS  \\$a10973$b40$c20190403$lBLL01$h1449
=LET  \0$aElements in autism spectrum disorders (Print)

