=LDR  00729 as a22002658i 4500
=001  019368438
=003  Uk
=005  20190415125503.0
=007  ta
=008  190415c20199999enkbr\p\\\\\\\0\\\a0eng\\
=022  0\$a2632-6175$202
=040  \\$aUk$beng$cUk$erda
=222  \0$aRelish USB
=245  00$aRelish USB.
=246  3\$aRelish universal serial bus
=263  \\$a201906
=264  \1$aChippenham :$bOffshore Supply Limited
=310  \\$aBimonthly
=336  \\$atext$2rdacontent
=337  \\$aunmediated$2rdamedia
=338  \\$avolume$2rdacarrier
=985  \\$aLDO SERIALS - PLEASE PASS ALL ITEMS RECEIVED TO ISSN UK CENTRE.
=CAT  \\$a11313$b40$c20190415$lBLL01$h1255
=FMT  \\$a  SE
=LAS  \\$a11313$b40$c20190415$lBLL01$h1255

