=LDR  01451cas a22003858i 4500
=001  019368455
=003  Uk
=005  20230210011444.0
=007  ta
=008  190415c20199999enk\x\p\\\\\\\0\\\a0eng\\
=022  0\$a2632-6183$202
=040  \\$aUk$beng$cUk$erda
=222  \0$aElements in astrostatistics$b(Print)
=245  00$aElements in astrostatistics.
=263  \\$a201912
=264  \1$aCambridge :$bCambridge University Press
=336  \\$atext$2rdacontent
=337  \\$aunmediated$2rdamedia
=338  \\$avolume$2rdacarrier
=540  \\$aCurrent Copyright Fee: GBP22.50$c0$5Uk
=776  08$iAlso issued online as:$tElements in astrostatistics$x2632-6191
=985  \\$aLDO SERIALS - PLEASE PASS ALL ITEMS RECEIVED TO ISSN UK CENTRE.
=ACF  \\$aPrevious Copyright Fee: GBP22.50$c0$e01-oct-2021$fGBP22.50$g0$hC$5Uk
=CAT  \\$a11313$b40$c20190415$lBLL01$h1338
=CAT  \\$aBATCH-CLA$b00$c20210917$lBLL01$h1605
=CAT  \\$aIPL-CLA$c20210930$lBLL01$h1659
=CAT  \\$aBATCH-CLA$b00$c20221130$lBLL01$h1449
=CAT  \\$aIPL-CLA$c20221231$lBLL01$h2347
=CAT  \\$aBATCH-CLA$b00$c20230209$lBLL01$h1536
=CAT  \\$aIPL-CLA$c20230210$lBLL01$h0114
=CFI  0\$aCurrent Copyright Fee: GBP22.50$c0$e09-feb-2023$fGBP22.50$g0$hC$5Uk
=CFI  2\$aBritish Library not licensed to copy$c0$e01-jan-2023$hC$iCFP Excluded$5Uk
=FMT  \\$a  SE
=LAS  \\$aIPL-CLA$b00$c20230210$lBLL01$h0114
=LET  \0$aElements in astrostatistics (Print)

