=LDR  00673 as a22002538i 4500
=001  019368842
=003  Uk
=005  20190416132147.0
=007  ta
=008  190416c20199999enkfr\p\\\\\\\0\\\a0eng\\
=022  0\$a2632-623X$202
=040  \\$aUk$beng$cUk$erda
=222  \0$aBrawler
=245  00$aBrawler.
=263  \\$a201905
=264  \1$aBirmingham :$bTime Bomb Comics
=310  \\$aSemiannual
=336  \\$atext$2rdacontent
=337  \\$aunmediated$2rdamedia
=338  \\$avolume$2rdacarrier
=985  \\$aLDO SERIALS - PLEASE PASS ALL ITEMS RECEIVED TO ISSN UK CENTRE.
=CAT  \\$a11313$b40$c20190416$lBLL01$h1321
=FMT  \\$a  SE
=LAS  \\$a11313$b40$c20190416$lBLL01$h1321

