=LDR  00763 as a22002778i 4500
=001  019368891
=003  Uk
=005  20190416140640.0
=007  ta
=008  190416c20199999enkbr\p\\\\\\\0\\\a0eng\\
=022  0\$a2632-6256$202
=040  \\$aUk$beng$cUk$erda
=222  \0$aMindSet$b(Print)
=245  00$aMindSet.
=263  \\$a201906
=264  \1$aSalisbury :$bF. North
=310  \\$aBimonthly
=336  \\$atext$2rdacontent
=337  \\$aunmediated$2rdamedia
=338  \\$avolume$2rdacarrier
=776  08$iAlso issued online as:$tMindSet$x2632-6264
=985  \\$aLDO SERIALS - PLEASE PASS ALL ITEMS RECEIVED TO ISSN UK CENTRE.
=CAT  \\$a11313$b40$c20190416$lBLL01$h1406
=FMT  \\$a  SE
=LAS  \\$a11313$b40$c20190416$lBLL01$h1406
=LET  \0$aMindSet (Print)

