=LDR  00922 as a22002898i 4500
=001  019368990
=003  Uk
=005  20210216143847.0
=007  ta
=008  190416c20199999enkfr\p\\\\\\\0\\\a0eng\\
=022  0\$a2632-6299$202
=040  \\$aUk$beng$cUk$erda
=222  \0$aSOAS undergraduate research journal$b(Print)
=245  00$aSOAS undergraduate research journal.
=263  \\$a201909
=264  \1$aLondon :$bSOAS, University of London
=310  \\$aSemiannual
=336  \\$atext$2rdacontent
=337  \\$aunmediated$2rdamedia
=338  \\$avolume$2rdacarrier
=985  \\$aLDO SERIALS - PLEASE PASS ALL ITEMS RECEIVED TO ISSN UK CENTRE.
=985  \\$aPlease link to ISSN 2632-6302 (Online) on completion
=CAT  \\$a11313$b40$c20190416$lBLL01$h1558
=CAT  \\$a10806$b40$c20210216$lBLL01$h1438
=FMT  \\$a  SE
=LAS  \\$a10806$b40$c20210216$lBLL01$h1438
=LET  \0$aSOAS undergraduate research journal (Print)

