=LDR  00782 as a22002778i 4500
=001  019370667
=003  Uk
=005  20210603134521.0
=007  ta
=008  190418c20229999enkar\p\\\\\\\0\\\a0eng\\
=022  0\$a2632-4733$202
=040  \\$aUk$beng$cUk$erda
=222  \0$aPet puzzles
=245  00$aPet puzzles.
=263  \\$a202206
=264  \1$aGodalming :$bSignature Publishing Ltd
=310  \\$aAnnual
=336  \\$atext$2rdacontent
=337  \\$aunmediated$2rdamedia
=338  \\$avolume$2rdacarrier
=985  \\$aLDO SERIALS - PLEASE PASS ALL ITEMS RECEIVED TO ISSN UK CENTRE.
=CAT  \\$a10973$b40$c20190418$lBLL01$h1052
=CAT  \\$a11130$b40$c20190919$lBLL01$h0756
=CAT  \\$a11130$b40$c20210603$lBLL01$h1345
=FMT  \\$a  SE
=LAS  \\$a11130$b40$c20210603$lBLL01$h1345

