=LDR  00747 as a22002658i 4500
=001  019370692
=003  Uk
=005  20190919075319.0
=007  ta
=008  190418c20209999enkbr\p\\\\\\\0\\\a0eng\\
=022  0\$a2632-475X$202
=040  \\$aUk$beng$cUk$erda
=222  \0$aASDA specials series
=245  00$aASDA specials series.
=263  \\$a202005
=264  \1$aLondon :$bKeesing Media UK Ltd
=310  \\$aBimonthly
=336  \\$atext$2rdacontent
=337  \\$aunmediated$2rdamedia
=338  \\$avolume$2rdacarrier
=985  \\$aLDO SERIALS - PLEASE PASS ALL ITEMS RECEIVED TO ISSN UK CENTRE.
=CAT  \\$a10973$b40$c20190418$lBLL01$h1132
=CAT  \\$a11130$b40$c20190919$lBLL01$h0753
=FMT  \\$a  SE
=LAS  \\$a11130$b40$c20190919$lBLL01$h0753

