=LDR  00689 as a22002538i 4500
=001  019370736
=003  Uk
=005  20190418131449.0
=007  ta
=008  190418c20199999enkmr\p\\\\\\\0\\\a0rum\\
=022  0\$a2632-4768$202
=040  \\$aUk$beng$cUk$erda
=222  \0$aRomani de pretutindeni
=245  00$aRomani de pretutindeni.
=263  \\$a201906
=264  \1$aUxbridge :$bC. Bota
=310  \\$aMonthly
=336  \\$atext$2rdacontent
=337  \\$aunmediated$2rdamedia
=338  \\$avolume$2rdacarrier
=985  \\$aLDO SERIALS - PLEASE PASS ALL ITEMS RECEIVED TO ISSN UK CENTRE.
=CAT  \\$a10973$b40$c20190418$lBLL01$h1314
=FMT  \\$a  SE
=LAS  \\$a10973$b40$c20190418$lBLL01$h1314

