=LDR  00909 as a22002898i 4500
=001  019377827
=003  Uk
=005  20191231095619.0
=007  ta
=008  190426c20199999enkgr\p\\\\\\\0\\\a0eng\\
=022  0\$a2632-6116$202
=040  \\$aUk$beng$cUk$erda
=222  \0$aAnimal welfare toolkit$b(Print)
=245  00$aAnimal welfare toolkit.
=263  \\$a202005
=264  \1$aLondon :$bBritish & Irish Association of Zoos and Aquariums
=310  \\$aBiennial
=336  \\$atext$2rdacontent
=337  \\$aunmediated$2rdamedia
=338  \\$avolume$2rdacarrier
=776  08$iAlso issued online as:$tAnimal welfare toolkit$x2632-6124
=985  \\$aLDO SERIALS - PLEASE PASS ALL ITEMS RECEIVED TO ISSN UK CENTRE.
=CAT  \\$a10973$b40$c20190426$lBLL01$h1417
=CAT  \\$a10973$b40$c20191231$lBLL01$h0956
=FMT  \\$a  SE
=LAS  \\$a10973$b40$c20191231$lBLL01$h0956
=LET  \0$aAnimal welfare toolkit (Print)

