=LDR  00991 as a22003018i 4500
=001  019389796
=003  Uk
=005  20190507142647.0
=007  ta
=008  190503c20199999enkmr\p\\\\\\\0\\\a0eng\\
=022  0\$a2632-4806$202
=040  \\$aUk$beng$cUk$erda
=222  \0$aAutomotive$b(Qualify)
=245  00$aAutomotive.
=246  3\$aAuto-motive
=263  \\$a201905
=264  \1$aWesterham :$bKelsey Publishing
=310  \\$aMonthly
=336  \\$atext$2rdacontent
=337  \\$aunmediated$2rdamedia
=338  \\$avolume$2rdacarrier
=985  \\$aCheck place of publication upon completion of ISSN/when cataloguing. Previously ISSN requests/completions have stated 'Cudham' as place of publication. ISSN UK Centre, SB. 3.5.19
=985  \\$aLDO SERIALS - PLEASE PASS ALL ITEMS RECEIVED TO ISSN UK CENTRE.
=CAT  \\$a7152$b40$c20190503$lBLL01$h1120
=CAT  \\$a7152$b40$c20190507$lBLL01$h1426
=FMT  \\$a  SE
=LAS  \\$a7152$b40$c20190507$lBLL01$h1426
=LET  \0$aAutomotive (Print)

