=LDR  00935 as a22003018i 4500
=001  019392590
=003  Uk
=005  20200218141919.0
=007  ta
=008  190507c20199999enkmr\p\\\\\\\0\\\a0eng\\
=022  0\$a2632-6698$202
=040  \\$aUk$beng$cUk$erda
=222  \0$aSustainable life magazine$b(Print)
=245  00$aSustainable life magazine.
=263  \\$a201905
=264  \1$aLondon :$bAlten Group Ltd
=310  \\$aMonthly
=336  \\$atext$2rdacontent
=337  \\$aunmediated$2rdamedia
=338  \\$avolume$2rdacarrier
=776  08$iAlso issued online as:$tSustainable life magazine$x2632-6701
=985  \\$aLDO SERIALS - PLEASE PASS ALL ITEMS RECEIVED TO ISSN UK CENTRE.
=CAT  \\$a10806$b40$c20190507$lBLL01$h0920
=CAT  \\$a10973$b40$c20190621$lBLL01$h1426
=CAT  \\$a10973$b40$c20200218$lBLL01$h1419
=FMT  \\$a  SE
=LAS  \\$a10973$b40$c20200218$lBLL01$h1419
=LET  \0$aSustainable life magazine (Print)

