=LDR  00674 as a22002538i 4500
=001  019392770
=003  Uk
=005  20190507142404.0
=007  ta
=008  190507c20199999enker\p\\\\\\\0\\\a0eng\\
=022  0\$a2632-654X$202
=040  \\$aUk$beng$cUk$erda
=222  \4$aThe kulnks
=245  04$aThe kulnks.
=263  \\$a201906
=264  \1$aShipley :$bSquare Badger
=310  \\$aFortnightly
=336  \\$atext$2rdacontent
=337  \\$aunmediated$2rdamedia
=338  \\$avolume$2rdacarrier
=985  \\$aLDO SERIALS - PLEASE PASS ALL ITEMS RECEIVED TO ISSN UK CENTRE.
=CAT  \\$a11313$b40$c20190507$lBLL01$h1424
=FMT  \\$a  SE
=LAS  \\$a11313$b40$c20190507$lBLL01$h1424

