=LDR  00764 as a22002778i 4500
=001  019396860
=003  Uk
=005  20210603134642.0
=007  ta
=008  190508c20229999enkar\p\\\\\\\0\\\a0eng\\
=022  0\$a2632-4849$202
=040  \\$aUk$beng$cUk$erda
=222  \0$aPuzzle it!
=245  00$aPuzzle it!
=263  \\$a202206
=264  \1$aGodalming :$bSignature Publishing Ltd
=310  \\$aAnnual
=336  \\$atext$2rdacontent
=337  \\$aunmediated$2rdamedia
=338  \\$avolume$2rdacarrier
=985  \\$aLDO SERIALS - PLEASE PASS ALL ITEMS RECEIVED TO ISSN UK CENTRE.
=CAT  \\$a7152$b40$c20190508$lBLL01$h0941
=CAT  \\$a11130$b40$c20210603$lBLL01$h1346
=FMT  \\$a  SE
=LAS  \\$a11130$b40$c20210603$lBLL01$h1346
=LET  \0$aPuzzle it! (Print)

