=LDR  00910 as a22003018i 4500
=001  019397000
=003  Uk
=005  20200312114704.0
=007  ta
=008  190508c20209999enkqr\p\\\\\\\0\\\a0eng\\
=022  0\$a2632-6574$202
=040  \\$aUk$beng$cUk$erda
=222  \0$aCrown & country magazine
=245  00$aCrown & country magazine.
=263  \\$a202007
=264  \1$aLondon :$bCrown & Country Magazine Ltd
=310  \\$aQuarterly
=336  \\$atext$2rdacontent
=337  \\$aunmediated$2rdamedia
=338  \\$avolume$2rdacarrier
=985  \\$aLDO SERIALS - PLEASE PASS ALL ITEMS RECEIVED TO ISSN UK CENTRE.
=CAT  \\$a11205$b40$c20190508$lBLL01$h1109
=CAT  \\$a10973$b40$c20190509$lBLL01$h1354
=CAT  \\$a10973$b40$c20190509$lBLL01$h1355
=CAT  \\$a10973$b40$c20200312$lBLL01$h1147
=FMT  \\$a  SE
=LAS  \\$a10973$b40$c20200312$lBLL01$h1147
=LET  \0$aCrown & country magazine (Print)

