=LDR  00899 as a22002778i 4500
=001  019397648
=003  Uk
=005  20190509142722.0
=007  ta
=008  190509c20209999enkfr\p\\\\\\\0\\\a0eng\\
=022  0\$a2632-4873$202
=040  \\$aUk$beng$cUk$erda
=222  \0$aTrajectories of Italian cinema and media$b(Print)
=245  00$aTrajectories of Italian cinema and media.
=263  \\$a202001
=264  \1$aBristol :$bIntellect Ltd
=310  \\$aSemiannual
=336  \\$atext$2rdacontent
=337  \\$aunmediated$2rdamedia
=338  \\$avolume$2rdacarrier
=776  08$iAlso issued online as:$tTrajectories of Italian cinema and media$x2632-4881
=985  \\$aLDO SERIALS - PLEASE PASS ALL ITEMS RECEIVED TO ISSN UK CENTRE.
=CAT  \\$a10973$b40$c20190509$lBLL01$h1427
=FMT  \\$a  SE
=LAS  \\$a10973$b40$c20190509$lBLL01$h1427
=LET  \0$aTrajectories of Italian cinema and media (Print)

