=LDR  00861 as a22002898i 4500
=001  019397660
=003  Uk
=005  20191212103353.0
=007  ta
=008  190509c20199999enkfr\p\\\\\\\0\\\a0eng\\
=022  0\$a2632-6639$202
=040  \\$aUk$beng$cUk$erda
=222  \4$aThe hurricanes$b(Qualify.2020)
=245  04$aThe hurricanes.
=263  \\$a202009
=264  \1$aNewport, Isle of Wight :$b5063 Publishing
=310  \\$aSemiannual
=336  \\$atext$2rdacontent
=337  \\$aunmediated$2rdamedia
=338  \\$avolume$2rdacarrier
=985  \\$aLDO SERIALS - PLEASE PASS ALL ITEMS RECEIVED TO ISSN UK CENTRE.
=CAT  \\$a11313$b40$c20190509$lBLL01$h1438
=CAT  \\$a11313$b40$c20190520$lBLL01$h1038
=CAT  \\$a10973$b40$c20190624$lBLL01$h1052
=CAT  \\$a10973$b40$c20191212$lBLL01$h1033
=FMT  \\$a  SE
=LAS  \\$a10973$b40$c20191212$lBLL01$h1033

