=LDR  00682 as a22002538i 4500
=001  019403740
=003  Uk
=005  20190515155646.0
=007  ta
=008  190515c20199999enkfr\p\\\\\\\0\\\a0eng\\
=022  0\$a2632-6817$202
=040  \\$aUk$beng$cUk$erda
=222  \0$aSunday$b(Qualify)
=245  00$aSunday.
=263  \\$a201906
=264  \1$aLondon :$bSunday Motoring Club
=310  \\$aSemiannual
=336  \\$atext$2rdacontent
=337  \\$aunmediated$2rdamedia
=338  \\$avolume$2rdacarrier
=985  \\$aLDO SERIALS - PLEASE PASS ALL ITEMS RECEIVED TO ISSN UK CENTRE.
=CAT  \\$a10973$b40$c20190515$lBLL01$h1556
=FMT  \\$a  SE
=LAS  \\$a10973$b40$c20190515$lBLL01$h1556

