=LDR  00871cas a22002898i 4500
=001  019410813
=003  Uk
=005  20220825125316.0
=007  ta
=008  190521c20209999enkbr\p\\\\\\\0\\\a0eng\\
=022  0\$a2632-7317$202
=040  \\$aUk$beng$cUk$erda
=222  \0$aAncient East Asia$b(Print)
=245  00$aAncient East Asia.
=263  \\$a202009
=264  \1$aCambridge :$bCambridge University Press
=310  \\$aBimonthly
=336  \\$atext$2rdacontent
=337  \\$aunmediated$2rdamedia
=338  \\$avolume$2rdacarrier
=985  \\$aLDO SERIALS - PLEASE PASS ALL ITEMS RECEIVED TO ISSN UK CENTRE.
=985  \\$aPlease link to ISSN 2632-7325 (Online) on completion.
=CAT  \\$a11313$b40$c20190521$lBLL01$h0807
=CAT  \\$a10806$b40$c20220825$lBLL01$h1253
=FMT  \\$a  SE
=LAS  \\$a10806$b40$c20220825$lBLL01$h1253
=LET  \0$aAncient East Asia (Print)

