=LDR  01049cas a22003018i 4500
=001  019410825
=003  Uk
=005  20230126114253.0
=007  ta
=008  190521c20209999enkbx\p\\\\\\\0\\\a0eng\\
=022  0\$a2632-735X$202
=040  \\$aUk$beng$cUk$erda
=222  \0$aElements in politics and society in East Asia$b(Print)
=245  00$aElements in politics and society in East Asia.
=263  \\$a202002
=264  \1$aCambridge :$bCambridge University Press
=310  \\$aEight issues yearly
=336  \\$atext$2rdacontent
=337  \\$aunmediated$2rdamedia
=338  \\$avolume$2rdacarrier
=985  \\$aLDO SERIALS - PLEASE PASS ALL ITEMS RECEIVED TO ISSN UK CENTRE.
=985  \\$aISSN UK Centre: see also online format version, ISSN 2632-7368. Please add 776 to both records on completion.
=CAT  \\$a11313$b40$c20190521$lBLL01$h0835
=CAT  \\$a11313$b40$c20190521$lBLL01$h0837
=CAT  \\$a10973$b40$c20230126$lBLL01$h1142
=CAT  \\$a10973$b40$c20230126$lBLL01$h1142
=FMT  \\$a  SE
=LAS  \\$a10973$b40$c20230126$lBLL01$h1142

