=LDR  00934cas a22002898i 4500
=001  019410835
=003  Uk
=005  20220224104259.0
=007  ta
=008  190521c20209999enkbx\p\\\\\\\0\\\a0eng\\
=022  0\$a2632-7333$202
=040  \\$aUk$beng$cUk$erda
=222  \0$aGlobal China$b(Print)
=245  00$aGlobal China.
=263  \\$a202006
=264  \1$aCambridge :$bCambridge University Press
=310  \\$aSeven issues yearly
=336  \\$atext$2rdacontent
=337  \\$aunmediated$2rdamedia
=338  \\$avolume$2rdacarrier
=985  \\$aISSN UK Centre note: See also online version, ISSN 2632-7341, please add 776 fields when completing. ISSN UK, 24.02.2022.
=985  \\$aLDO SERIALS - PLEASE PASS ALL ITEMS RECEIVED TO ISSN UK CENTRE.
=CAT  \\$a11313$b40$c20190521$lBLL01$h0855
=CAT  \\$a11313$b40$c20220224$lBLL01$h1042
=FMT  \\$a  SE
=LAS  \\$a11313$b40$c20220224$lBLL01$h1042
=LET  \0$aGlobal China (Print)

