=LDR  00697 as a22002538i 4500
=001  019411273
=003  Uk
=005  20190521143932.0
=007  ta
=008  190521c20199999enkmr\p\\\\\\\0\\\a0eng\\
=022  0\$a2632-7384$202
=040  \\$aUk$beng$cUk$erda
=222  \0$aRelax with puzzles
=245  00$aRelax with puzzles.
=263  \\$a201907
=264  \1$aNewton Abbot :$bBromleigh House Ltd
=310  \\$aMonthly
=336  \\$atext$2rdacontent
=337  \\$aunmediated$2rdamedia
=338  \\$avolume$2rdacarrier
=985  \\$aLDO SERIALS - PLEASE PASS ALL ITEMS RECEIVED TO ISSN UK CENTRE.
=CAT  \\$a11313$b40$c20190521$lBLL01$h1439
=FMT  \\$a  SE
=LAS  \\$a11313$b40$c20190521$lBLL01$h1439

