=LDR  00826 as a22002778i 4500
=001  019413391
=003  Uk
=005  20190522162456.0
=007  ta
=008  190522c20199999enkqr\p\\\\\\\0\\\a0eng\\
=022  0\$a2632-749X$202
=040  \\$aUk$beng$cUk$erda
=222  \0$aTotally special
=245  00$aTotally special.
=263  \\$a201908
=264  \1$aBristol :$bKennedy Publishing
=310  \\$aQuarterly
=336  \\$atext$2rdacontent
=337  \\$aunmediated$2rdamedia
=338  \\$avolume$2rdacarrier
=985  \\$aLDO SERIALS - PLEASE PASS ALL ITEMS RECEIVED TO ISSN UK CENTRE.
=985  \\$aISSN UK Centre note: ISSN UK Centre note: Related to 'Totally ...' ISSN 2515-9488.
=CAT  \\$a11205$b40$c20190522$lBLL01$h1624
=FMT  \\$a  SE
=LAS  \\$a11205$b40$c20190522$lBLL01$h1624
=LET  \0$aTotally special (Print)

