=LDR  00707 as a22002538i 4500
=001  019413575
=003  Uk
=005  20190523082152.0
=007  ta
=008  190523c20199999enkmr\p\\\\\\\0\\\a0eng\\
=022  0\$a2632-7406$202
=040  \\$aUk$beng$cUk$erda
=222  \0$aRelax with wordsearches
=245  00$aRelax with wordsearches.
=263  \\$a201907
=264  \1$aNewton Abbot :$bBromleigh House Ltd
=310  \\$aMonthly
=336  \\$atext$2rdacontent
=337  \\$aunmediated$2rdamedia
=338  \\$avolume$2rdacarrier
=985  \\$aLDO SERIALS - PLEASE PASS ALL ITEMS RECEIVED TO ISSN UK CENTRE.
=CAT  \\$a11313$b40$c20190523$lBLL01$h0821
=FMT  \\$a  SE
=LAS  \\$a11313$b40$c20190523$lBLL01$h0821

