=LDR  01563cas a22003858i 4500
=001  019420657
=003  Uk
=005  20230210011446.0
=007  ta
=008  190530c20209999enk\x\p\\\\\\\0\\\a0eng\\
=022  0\$a2632-7023$202
=040  \\$aUk$beng$cUk$erda
=222  \0$aElements in current archaeological tools and techniques$b(Print)
=245  00$aElements in current archaeological tools and techniques.
=263  \\$a202012
=264  \1$aCambridge :$bCambridge University Press
=336  \\$atext$2rdacontent
=337  \\$aunmediated$2rdamedia
=338  \\$avolume$2rdacarrier
=540  \\$aCurrent Copyright Fee: GBP22.50$c0$5Uk
=776  08$iAlso issued online as:$tElements in current archaeological tools and techniques$x2632-7031
=985  \\$aLDO SERIALS - PLEASE PASS ALL ITEMS RECEIVED TO ISSN UK CENTRE.
=ACF  \\$aPrevious Copyright Fee: GBP22.50$c0$e01-oct-2021$fGBP22.50$g0$hC$5Uk
=CAT  \\$a10973$b40$c20190530$lBLL01$h1356
=CAT  \\$aBATCH-CLA$b00$c20210917$lBLL01$h1603
=CAT  \\$aIPL-CLA$c20210930$lBLL01$h1659
=CAT  \\$aBATCH-CLA$b00$c20221130$lBLL01$h1436
=CAT  \\$aIPL-CLA$c20221231$lBLL01$h2348
=CAT  \\$aBATCH-CLA$b00$c20230209$lBLL01$h1523
=CAT  \\$aIPL-CLA$c20230210$lBLL01$h0114
=CFI  0\$aCurrent Copyright Fee: GBP22.50$c0$e09-feb-2023$fGBP22.50$g0$hC$5Uk
=CFI  2\$aBritish Library not licensed to copy$c0$e01-jan-2023$hC$iCFP Excluded$5Uk
=FMT  \\$a  SE
=LAS  \\$aIPL-CLA$b00$c20230210$lBLL01$h0114
=LET  \0$aElements in current archaeological tools and techniques (Print)

