=LDR  00872cas a22002778i 4500
=001  019420689
=003  Uk
=005  20220222151342.0
=007  ta
=008  190530c20209999enk\x\p\\\\\\\0\\\a0eng\\
=022  0\$a2632-7082$202
=040  \\$aUk$beng$cUk$erda
=222  \0$aElements in travel writing$b(Print)
=245  00$aElements in travel writing.
=263  \\$a202012
=264  \1$aCambridge :$bCambridge University Press
=336  \\$atext$2rdacontent
=337  \\$aunmediated$2rdamedia
=338  \\$avolume$2rdacarrier
=985  \\$aLDO SERIALS - PLEASE PASS ALL ITEMS RECEIVED TO ISSN UK CENTRE.
=985  \\$aPlease link to ISSN 2632-7090 (Online) on completion.
=CAT  \\$a10973$b40$c20190530$lBLL01$h1422
=CAT  \\$a10806$b40$c20220222$lBLL01$h1513
=FMT  \\$a  SE
=LAS  \\$a10806$b40$c20220222$lBLL01$h1513
=LET  \0$aElements in travel writing (Print)

