=LDR  00700 as a22002658i 4500
=001  019420723
=003  Uk
=005  20190530152239.0
=007  ta
=008  190530c20199999enkqr\p\\\\\\\0\\\a0eng\\
=022  0\$a2632-7139$202
=040  \\$aUk$beng$cUk$erda
=222  \0$aFeminism451
=245  00$aFeminism451.
=246  3\$aFeminism 451
=263  \\$a201907
=264  \1$aLondon :$bS. Campbell
=310  \\$aQuarterly
=336  \\$atext$2rdacontent
=337  \\$aunmediated$2rdamedia
=338  \\$avolume$2rdacarrier
=985  \\$aLDO SERIALS - PLEASE PASS ALL ITEMS RECEIVED TO ISSN UK CENTRE.
=CAT  \\$a10973$b40$c20190530$lBLL01$h1522
=FMT  \\$a  SE
=LAS  \\$a10973$b40$c20190530$lBLL01$h1522

