=LDR  00688 as a22002538i 4500
=001  019431860
=003  Uk
=005  20190606102134.0
=007  ta
=008  190606c20199999enkbr\p\\\\\\\0\\\a0eng\\
=022  0\$a2632-8240$202
=040  \\$aUk$beng$cUk$erda
=222  \0$aInspired by craft
=245  00$aInspired by craft.
=263  \\$a201907
=264  \1$aBristol :$bImmediate Media
=310  \\$aBimonthly
=336  \\$atext$2rdacontent
=337  \\$aunmediated$2rdamedia
=338  \\$avolume$2rdacarrier
=985  \\$aLDO SERIALS - PLEASE PASS ALL ITEMS RECEIVED TO ISSN UK CENTRE.
=CAT  \\$a10973$b40$c20190606$lBLL01$h1021
=FMT  \\$a  SE
=LAS  \\$a10973$b40$c20190606$lBLL01$h1021

