=LDR  00887 as a22002778i 4500
=001  019431993
=003  Uk
=005  20190606132927.0
=007  ta
=008  190606c20199999enkqr\p\\\\\\\0\\\a0eng\\
=022  0\$a2632-8267$202
=040  \\$aUk$beng$cUk$erda
=222  \0$aCruise liner interiors international$b(Print)
=245  00$aCruise liner interiors international.
=263  \\$a201912
=264  \1$aLondon :$bMA Business Limited
=310  \\$aQuarterly
=336  \\$atext$2rdacontent
=337  \\$aunmediated$2rdamedia
=338  \\$avolume$2rdacarrier
=776  08$iAlso issued online as:$tCruise liner interiors international$x2632-8275
=985  \\$aLDO SERIALS - PLEASE PASS ALL ITEMS RECEIVED TO ISSN UK CENTRE.
=CAT  \\$a10973$b40$c20190606$lBLL01$h1329
=FMT  \\$a  SE
=LAS  \\$a10973$b40$c20190606$lBLL01$h1329
=LET  \0$aCruise liner interiors international (Print)

