=LDR  00831cas a22002898i 4500
=001  019432128
=003  Uk
=005  20220328094443.0
=007  ta
=008  190606c20209999enkar\p\\\\\\\0\\\a0eng\\
=022  0\$a2632-8305$202
=040  \\$aUk$beng$cUk$erda
=222  \0$aGlobal punk$b(Print)
=245  00$aGlobal punk.
=263  \\$a202001
=264  \1$aBristol :$bIntellect
=310  \\$aAnnual
=336  \\$atext$2rdacontent
=337  \\$aunmediated$2rdamedia
=338  \\$avolume$2rdacarrier
=985  \\$aPlease link to ISSN 2632-8313 (Online) on completion.
=985  \\$aLDO SERIALS - PLEASE PASS ALL ITEMS RECEIVED TO ISSN UK CENTRE.
=CAT  \\$a10973$b40$c20190606$lBLL01$h1516
=CAT  \\$a10806$b40$c20220328$lBLL01$h0944
=FMT  \\$a  SE
=LAS  \\$a10806$b40$c20220328$lBLL01$h0944
=LET  \0$aGlobal punk (Print)

