=LDR  01041 as a22003258i 4500
=001  019436385
=003  Uk
=005  20190701090238.0
=007  ta
=008  190612c20229999enkfr\p\\\\\\\0\\\a0eng\\
=022  0\$a2632-7872$202
=040  \\$aUk$beng$cUk$erda
=222  \0$aArtwork scholarship
=245  00$aArtwork scholarship :$binternational perspectives in education.
=263  \\$a202204
=264  \1$aBristol :$bIntellect
=310  \\$aSemiannual
=336  \\$atext$2rdacontent
=337  \\$aunmediated$2rdamedia
=338  \\$avolume$2rdacarrier
=776  08$iAlso issued online as:$tArtwork scholarship$x2632-9182
=985  \\$aLDO SERIALS - PLEASE PASS ALL ITEMS RECEIVED TO ISSN UK CENTRE.
=CAT  \\$a11205$b40$c20190612$lBLL01$h1534
=CAT  \\$a10806$b40$c20190617$lBLL01$h1044
=CAT  \\$a10806$b40$c20190617$lBLL01$h1047
=CAT  \\$a10806$b40$c20190617$lBLL01$h1048
=CAT  \\$a10806$b40$c20190701$lBLL01$h0902
=FMT  \\$a  SE
=LAS  \\$a10806$b40$c20190701$lBLL01$h0902
=LET  \0$aArtwork scholarship (Print)

