=LDR  00748 as a22002538i 4500
=001  019437363
=003  Uk
=005  20190614123201.0
=007  ta
=008  190614c20199999enkfr\p\\\\\\\0\\\a0eng\\
=022  0\$a2632-8372$202
=040  \\$aUk$beng$cUk$erda
=222  \4$aThe patients' guide to treatment abroad
=245  04$aThe patients' guide to treatment abroad.
=263  \\$a201907
=264  \1$aBerkhamsted :$bLaingBuisson International
=310  \\$aSemiannual
=336  \\$atext$2rdacontent
=337  \\$aunmediated$2rdamedia
=338  \\$avolume$2rdacarrier
=985  \\$aLDO SERIALS - PLEASE PASS ALL ITEMS RECEIVED TO ISSN UK CENTRE.
=CAT  \\$a10973$b40$c20190614$lBLL01$h1232
=FMT  \\$a  SE
=LAS  \\$a10973$b40$c20190614$lBLL01$h1232

