=LDR  00873 as a22002778i 4500
=001  019439302
=003  Uk
=005  20190618141956.0
=007  ta
=008  190618c20199999enkbr\m\\\\\\\0\\\a0eng\\
=022  0\$a2632-8453$202
=040  \\$aUk$beng$cUk$erda
=222  \0$aAssassin's creed$b(Qualify)
=245  00$aAssassin's creed.
=263  \\$a201911
=264  \1$aLondon :$bHachette Partworks
=310  \\$aBimonthly
=336  \\$atext$2rdacontent
=337  \\$aunmediated$2rdamedia
=338  \\$avolume$2rdacarrier
=985  \\$aLDO SERIALS - PLEASE PASS ALL ITEMS RECEIVED TO ISSN UK CENTRE.
=985  \\$aNeeds differentiating from ISSN 2059-965X - see application. Please do not qualify by year, not a reversion.
=CAT  \\$a10806$b40$c20190618$lBLL01$h1417
=CAT  \\$a10806$b40$c20190618$lBLL01$h1419
=FMT  \\$a  SE
=LAS  \\$a10806$b40$c20190618$lBLL01$h1419

