=LDR  01051 as a22002898i 4500
=001  019440337
=003  Uk
=005  20190619161601.0
=007  ta
=008  190619c20199999enkbr\p\\\\\\\0\\\a0eng\\
=022  0\$a2632-8054$202
=040  \\$aUk$beng$cUk$erda
=222  \0$aBeginner's guide bookazine series
=245  00$aBeginner's guide bookazine series.
=263  \\$a201907
=264  \1$aBristol :$bImmediate Media
=310  \\$aBimonthly
=336  \\$atext$2rdacontent
=337  \\$aunmediated$2rdamedia
=338  \\$avolume$2rdacarrier
=985  \\$aPublisher provided proof of cover which shows series title appearing. Also provided information regading the the content of issues, will alternate between cardmaking, crochet and knitting.ISSN UK Centre, 19.6.19
=985  \\$aLDO SERIALS - PLEASE PASS ALL ITEMS RECEIVED TO ISSN UK CENTRE.
=CAT  \\$a7152$b40$c20190619$lBLL01$h1047
=CAT  \\$a7152$b40$c20190619$lBLL01$h1616
=FMT  \\$a  SE
=LAS  \\$a7152$b40$c20190619$lBLL01$h1616
=LET  \0$aBeginners guide bookazine series (Print)

