=LDR  00802 as a22002778i 4500
=001  019440847
=003  Uk
=005  20190620132833.0
=007  ta
=008  190620c20199999enkmr\p\\\\\\\0\\\a0eng\\
=022  0\$a2632-8909$202
=040  \\$aUk$beng$cUk$erda
=222  \0$aVoice of artists$b(Print)
=245  00$aVoice of artists.
=263  \\$a201909
=264  \1$aLondon :$bArtit London Ltd
=310  \\$aMonthly
=336  \\$atext$2rdacontent
=337  \\$aunmediated$2rdamedia
=338  \\$avolume$2rdacarrier
=776  08$iAlso issued online as:$tVoice of artists$x2632-8917
=985  \\$aLDO SERIALS - PLEASE PASS ALL ITEMS RECEIVED TO ISSN UK CENTRE.
=CAT  \\$a10973$b40$c20190620$lBLL01$h1328
=FMT  \\$a  SE
=LAS  \\$a10973$b40$c20190620$lBLL01$h1328
=LET  \0$aVoice of artists (Print)

