=LDR  00703 as a22002538i 4500
=001  019443624
=003  Uk
=005  20190624113740.0
=007  ta
=008  190624c20199999nikar\p\\\\\\\0\\\a0eng\\
=022  0\$a2632-8720$202
=040  \\$aUk$beng$cUk$erda
=222  \0$aUlster tatler wedding guide
=245  00$aUlster tatler wedding guide.
=263  \\$a201907
=264  \1$aBelfast :$bUlster Tatler
=310  \\$aAnnual
=336  \\$atext$2rdacontent
=337  \\$aunmediated$2rdamedia
=338  \\$avolume$2rdacarrier
=985  \\$aLDO SERIALS - PLEASE PASS ALL ITEMS RECEIVED TO ISSN UK CENTRE.
=CAT  \\$a10973$b40$c20190624$lBLL01$h1137
=FMT  \\$a  SE
=LAS  \\$a10973$b40$c20190624$lBLL01$h1137

