=LDR  00681 as a22002538i 4500
=001  019443774
=003  Uk
=005  20190624170849.0
=007  ta
=008  190624c20199999enkqr\p\\\\\\\0\\\a0eng\\
=022  0\$a2632-8844$202
=040  \\$aUk$beng$cUk$erda
=222  \4$aThe African$b(Qualify)
=245  04$aThe African.
=263  \\$a201910
=264  \1$aLondon :$bK. Kusitor
=310  \\$aQuarterly
=336  \\$atext$2rdacontent
=337  \\$aunmediated$2rdamedia
=338  \\$avolume$2rdacarrier
=985  \\$aLDO SERIALS - PLEASE PASS ALL ITEMS RECEIVED TO ISSN UK CENTRE.
=CAT  \\$a10973$b40$c20190624$lBLL01$h1708
=FMT  \\$a  SE
=LAS  \\$a10973$b40$c20190624$lBLL01$h1708

