=LDR  00723 as a22002658i 4500
=001  019448775
=003  Uk
=005  20200218130711.0
=007  ta
=008  190628c20209999enkmr\p\\\\\\\0\\\a0eng\\
=022  0\$a2632-9174$202
=040  \\$aUk$beng$cUk$erda
=222  \0$aMucmara
=245  00$aMucmara.
=263  \\$a202010
=264  \1$aBarnsley :$bPebbles Publishing Ltd
=310  \\$aMonthly
=336  \\$atext$2rdacontent
=337  \\$aunmediated$2rdamedia
=338  \\$avolume$2rdacarrier
=985  \\$aLDO SERIALS - PLEASE PASS ALL ITEMS RECEIVED TO ISSN UK CENTRE.
=CAT  \\$a10973$b40$c20190628$lBLL01$h1428
=CAT  \\$a10973$b40$c20200218$lBLL01$h1307
=FMT  \\$a  SE
=LAS  \\$a10973$b40$c20200218$lBLL01$h1307

