=LDR  00748 as a22002778i 4500
=001  019457178
=003  Uk
=005  20191212102332.0
=007  ta
=008  190703c20199999enkmr\p\\\\\\\0\\\a0eng\\
=022  0\$a2632-9344$202
=040  \\$aUk$beng$cUk$erda
=222  \0$aPuzzled$b(Qualify)
=245  00$aPuzzled.
=263  \\$a202002
=264  \1$aAmaze Zing Media
=310  \\$aMonthly
=336  \\$atext$2rdacontent
=337  \\$aunmediated$2rdamedia
=338  \\$avolume$2rdacarrier
=985  \\$aLDO SERIALS - PLEASE PASS ALL ITEMS RECEIVED TO ISSN UK CENTRE.
=CAT  \\$a11205$b40$c20190703$lBLL01$h1357
=CAT  \\$a10973$b40$c20191212$lBLL01$h1023
=FMT  \\$a  SE
=LAS  \\$a10973$b40$c20191212$lBLL01$h1023
=LET  \0$aPuzzled (Print)

