=LDR  00731 as a22002658i 4500
=001  019457231
=003  Uk
=005  20190703154312.0
=007  ta
=008  190703c20199999enkar\p\\\\\\\0\\\a0eng\\
=022  0\$a2632-9387$202
=040  \\$aUk$beng$cUk$erda
=222  \0$aCloud computing$b(Qualify)
=245  00$aCloud computing.
=263  \\$a201907
=264  \1$aLondon :$bFitch Solutions
=310  \\$aAnnual
=336  \\$atext$2rdacontent
=337  \\$aunmediated$2rdamedia
=338  \\$avolume$2rdacarrier
=985  \\$aLDO SERIALS - PLEASE PASS ALL ITEMS RECEIVED TO ISSN UK CENTRE.
=CAT  \\$a11205$b40$c20190703$lBLL01$h1543
=FMT  \\$a  SE
=LAS  \\$a11205$b40$c20190703$lBLL01$h1543
=LET  \0$aCloud computing (Print)

