=LDR  02192cas a22005778i 4500
=001  019468754
=003  Uk
=005  20220930161923.0
=007  ta
=008  190716c20209999enkfr\p\\\\\\\0\\\a0eng\\
=022  0\$a2633-0024$202
=040  \\$aUk$beng$cUk$erda
=222  \0$aViolence$b(Print)
=245  00$aViolence.
=263  \\$a202004
=264  \1$aLondon :$bSAGE Publishing
=310  \\$aSemiannual
=336  \\$atext$2rdacontent
=337  \\$aunmediated$2rdamedia
=338  \\$avolume$2rdacarrier
=540  \\$aCurrent copyright fee: GBP32.82$c19\0$5Uk
=856  \\$31850-9999$uhttp://www.uk.sagepub.com/home.nav$xBLDSS
=945  \\$aViolence -London- Sage-
=979  \\$aBritish Library$bDSC$j9237.750600N
=985  \\$aPlease add link to ISSN 2633-0032 (Online) on completion.
=985  \\$aLDO SERIALS - PLEASE PASS ALL ITEMS RECEIVED TO ISSN UK CENTRE.
=ACF  \\$aPrevious copyright fee: GBP31.50$c19\0$e01-jan-2021$fGBP31.50$g0$hP$5Uk
=ACF  \\$aPrevious copyright fee: GBP29.17$c19\0$e01-apr-2021$fGBP29.17$g0$hP$5Uk
=ACF  \\$aPrevious copyright fee: GBP28.13$c19\0$e07-jul-2021$fGBP28.13$g0$hP$5Uk
=CAT  \\$a11313$b40$c20190716$lBLL01$h1038
=CAT  \\$a10806$b40$c20201002$lBLL01$h1343
=CAT  \\$a5552$b40$c20201210$lBLL01$h1435
=CAT  \\$aIPL-CLA$c20201231$lBLL01$h2352
=CAT  \\$aBATCH-UNOA$c20210106$lBLL01$h0031
=CAT  \\$aBLDSS-3PM$b00$c20210106$lBLL01$h1501
=CAT  \\$aBATCH-UPD$b00$c20210106$lBLL01$h1502
=CAT  \\$aBATCH-UPD$b00$c20210226$lBLL01$h1029
=CAT  \\$aIPL-CLA$c20210331$lBLL01$h1911
=CAT  \\$aBATCH-UPD$b00$c20210707$lBLL01$h1553
=CAT  \\$aIPL-CLA$c20210707$lBLL01$h2009
=CAT  \\$aBATCH-UPD$b00$c20220520$lBLL01$h1640
=CAT  \\$aIPL-CLA$c20220630$lBLL01$h1732
=CAT  \\$aBATCH-UPD$b00$c20220824$lBLL01$h0906
=CAT  \\$aIPL-CLA$c20220930$lBLL01$h1619
=CFI  0\$aCurrent copyright fee: GBP32.82$c19\0$e01-oct-2022$fGBP32.82$g0$hP$5Uk
=CFI  2\$aPrevious copyright fee: GBP31.50$c19\0$e01-jul-2022$fGBP31.50$g0$hP$5Uk
=FFP  \\$aY$bBLDSS-3PM
=FMT  \\$a  SE
=LAS  \\$aIPL-CLA$b00$c20220930$lBLL01$h1619
=LET  \0$aViolence (Print)
=UNO  \\$aY

