=LDR  00979 as a22002898i 4500
=001  019478794
=003  Uk
=005  20200121134731.0
=007  ta
=008  190724c20199999enkar\p\\\\\\\0\\\a0eng\\
=022  0\$a2633-0504$202
=040  \\$aUk$beng$cUk$erda
=222  \0$aHealthcare advertising expenditure forecasts$b(Print)
=245  00$aHealthcare advertising expenditure forecasts.
=263  \\$a201908
=264  \1$aLondon :$bZenith
=310  \\$aAnnual
=336  \\$atext$2rdacontent
=337  \\$aunmediated$2rdamedia
=338  \\$avolume$2rdacarrier
=985  \\$aLDO SERIALS - PLEASE PASS ALL ITEMS RECEIVED TO ISSN UK CENTRE.
=985  \\$aISSN UK Centre note: see also online version ISSN 2633-0512. Please add 776 to both records on completion.
=CAT  \\$a11205$b40$c20190724$lBLL01$h1245
=CAT  \\$a10973$b40$c20200121$lBLL01$h1347
=FMT  \\$a  SE
=LAS  \\$a10973$b40$c20200121$lBLL01$h1347
=LET  \0$aHealthcare advertising expenditure forecasts (Print)

