=LDR  00718 as a22002658i 4500
=001  019479969
=003  Uk
=005  20190725152418.0
=007  ta
=008  190725c20199999nikar\p\\\\\\\0\\\a0eng\\
=022  0\$a2632-9581$202
=040  \\$aUk$beng$cUk$erda
=222  \0$aLocal weddings
=245  00$aLocal weddings.
=263  \\$a201908
=264  \1$aDerry :$bSM Legand Media Ltd
=310  \\$aAnnual
=336  \\$atext$2rdacontent
=337  \\$aunmediated$2rdamedia
=338  \\$avolume$2rdacarrier
=985  \\$aLDO SERIALS - PLEASE PASS ALL ITEMS RECEIVED TO ISSN UK CENTRE.
=CAT  \\$a7152$b40$c20190725$lBLL01$h1524
=FMT  \\$a  SE
=LAS  \\$a7152$b40$c20190725$lBLL01$h1524
=LET  \0$aLocal weddings (Print)

