=LDR  00684 as a22002538i 4500
=001  019492957
=003  Uk
=005  20190805111615.0
=007  ta
=008  190805c20199999enkmr\p\\\\\\\0\\\a0eng\\
=022  0\$a2633-013X$202
=040  \\$aUk$beng$cUk$erda
=222  \0$aLifestyle$b(Qualify)
=245  00$aLifestyle
=263  \\$a201909
=264  \1$aWesterham :$bKelsey Publishing
=310  \\$aMonthly
=336  \\$atext$2rdacontent
=337  \\$aunmediated$2rdamedia
=338  \\$avolume$2rdacarrier
=985  \\$aLDO SERIALS - PLEASE PASS ALL ITEMS RECEIVED TO ISSN UK CENTRE.
=CAT  \\$a11313$b40$c20190805$lBLL01$h1116
=FMT  \\$a  SE
=LAS  \\$a11313$b40$c20190805$lBLL01$h1116

