=LDR  01534cas a22003978i 4500
=001  019493083
=003  Uk
=005  20230210011450.0
=007  ta
=008  190805c20199999enkmr\p\\\\\\\0\\\a0eng\\
=022  0\$a2633-0148$202
=040  \\$aUk$beng$cUk$erda
=222  \0$aRisk assessment & compliance
=245  00$aRisk assessment & compliance.
=263  \\$a201910
=264  \1$aSkipton :$bAgora Business Publications
=310  \\$aMonthly
=336  \\$atext$2rdacontent
=337  \\$aunmediated$2rdamedia
=338  \\$avolume$2rdacarrier
=540  \\$aCurrent Copyright Fee: GBP25.00$c0$5Uk
=985  \\$aLDO SERIALS - PLEASE PASS ALL ITEMS RECEIVED TO ISSN UK CENTRE.
=985  \\$aISSN UK Centre note: Please note that the first issue will be numbered 'issue 10', as it will begin in October. ISSN UK, 05.08.2019.
=ACF  \\$aPrevious Copyright Fee: GBP22.50$c0$e01-jul-2021$fGBP22.50$g0$hC$5Uk
=CAT  \\$a11313$b40$c20190805$lBLL01$h1433
=CAT  \\$a11313$b40$c20190805$lBLL01$h1434
=CAT  \\$aBATCH-CLA$b00$c20210528$lBLL01$h1524
=CAT  \\$aIPL-CLA$c20210704$lBLL01$h1128
=CAT  \\$aBATCH-CLA$b00$c20221130$lBLL01$h1439
=CAT  \\$aIPL-CLA$c20221231$lBLL01$h2348
=CAT  \\$aBATCH-CLA$b00$c20230209$lBLL01$h1527
=CAT  \\$aIPL-CLA$c20230210$lBLL01$h0114
=CFI  0\$aCurrent Copyright Fee: GBP25.00$c0$e09-feb-2023$fGBP25.00$g0$hC$5Uk
=CFI  2\$aBritish Library not licensed to copy$c0$e01-jan-2023$hC$iCFP Excluded$5Uk
=FMT  \\$a  SE
=LAS  \\$aIPL-CLA$b00$c20230210$lBLL01$h0114

