=LDR  00890cas a22002898i 4500
=001  019493127
=003  Uk
=005  20220328100459.0
=007  ta
=008  190805c20209999enkar\p\\\\\\\0\\\a0eng\\
=022  0\$a2633-0652$202
=040  \\$aUk$beng$cUk$erda
=222  \0$aStudies in game sound and music$b(Print)
=245  00$aStudies in game sound and music.
=263  \\$a202009
=264  \1$aBristol :$bIntellect
=310  \\$aAnnual
=336  \\$atext$2rdacontent
=337  \\$aunmediated$2rdamedia
=338  \\$avolume$2rdacarrier
=985  \\$aPlease link to ISSN 2633-0660 (Online) on completion
=985  \\$aLDO SERIALS - PLEASE PASS ALL ITEMS RECEIVED TO ISSN UK CENTRE.
=CAT  \\$a11313$b40$c20190805$lBLL01$h1525
=CAT  \\$a10806$b40$c20220328$lBLL01$h1004
=FMT  \\$a  SE
=LAS  \\$a10806$b40$c20220328$lBLL01$h1004
=LET  \0$aStudies in game sound and music (Print)

