=LDR  00845 as a22002778i 4500
=001  019498929
=003  Uk
=005  20190807132655.0
=007  ta
=008  190807c20199999enkmr\p\\\\\\\0\\\a0eng\\
=022  0\$a2633-0989$202
=040  \\$aUk$beng$cUk$erda
=222  \0$aShort fiction magazine$b(Print)
=245  00$aShort fiction magazine.
=263  \\$a201910
=264  \1$aNewcastle upon Tyne :$bShort Fiction Magazine
=310  \\$aMonthly
=336  \\$atext$2rdacontent
=337  \\$aunmediated$2rdamedia
=338  \\$avolume$2rdacarrier
=776  08$iAlso issued online as:$tShort fiction magazine$x2633-0997
=985  \\$aLDO SERIALS - PLEASE PASS ALL ITEMS RECEIVED TO ISSN UK CENTRE.
=CAT  \\$a10973$b40$c20190807$lBLL01$h1326
=FMT  \\$a  SE
=LAS  \\$a10973$b40$c20190807$lBLL01$h1326
=LET  \0$aShort fiction magazine (Print)

