=LDR  01696cas a22004458i 4500
=001  019502815
=003  Uk
=005  20230210011450.0
=007  ta
=008  190812c20199999enkfr\p\\\\\\\0\\\a0eng\\
=022  0\$a2633-0776$202
=040  \\$aUk$beng$cUk$erda
=222  \0$aWorld manufacturing journal$b(Print)
=245  00$aWorld manufacturing journal.
=263  \\$a202002
=264  \1$aWorcester :$bDorson West Limited
=310  \\$aSemiannual
=336  \\$atext$2rdacontent
=337  \\$aunmediated$2rdamedia
=338  \\$avolume$2rdacarrier
=540  \\$aCurrent Copyright Fee: GBP25.00$c0$5Uk
=985  \\$aPlease link to ISSN 2633-0784 (Online) on completion.
=985  \\$aLDO SERIALS - PLEASE PASS ALL ITEMS RECEIVED TO ISSN UK CENTRE.
=ACF  \\$aPrevious Copyright Fee: GBP20.00$c0$e01-jan-2020$fGBP20.00$g0$hC$5Uk
=ACF  \\$aPrevious Copyright Fee: GBP22.50$c0$e01-jan-2021$fGBP22.50$g0$hC$5Uk
=CAT  \\$a11313$b40$c20190812$lBLL01$h0844
=CAT  \\$aBATCH-CLA$b00$c20191129$lBLL01$h1625
=CAT  \\$aIPL-CLA$c20191231$lBLL01$h2046
=CAT  \\$a10806$b40$c20201019$lBLL01$h1343
=CAT  \\$aBATCH-CLA$b00$c20201126$lBLL01$h1359
=CAT  \\$aIPL-CLA$c20201231$lBLL01$h2353
=CAT  \\$aBATCH-CLA$b00$c20221130$lBLL01$h1451
=CAT  \\$aIPL-CLA$c20221231$lBLL01$h2348
=CAT  \\$aBATCH-CLA$b00$c20230209$lBLL01$h1537
=CAT  \\$aIPL-CLA$c20230210$lBLL01$h0114
=CFI  0\$aCurrent Copyright Fee: GBP25.00$c0$e09-feb-2023$fGBP25.00$g0$hC$5Uk
=CFI  2\$aBritish Library not licensed to copy$c0$e01-jan-2023$hC$iCFP Excluded$5Uk
=FMT  \\$a  SE
=LAS  \\$aIPL-CLA$b00$c20230210$lBLL01$h0114
=LET  \0$aWorld manufacturing journal (Print)

