=LDR  00843 as a22002778i 4500
=001  019503088
=003  Uk
=005  20190813082548.0
=007  ta
=008  190813c20219999enkfr\p\\\\\\\0\\\a0eng\\
=022  0\$a2633-0849$202
=040  \\$aUk$beng$cUk$erda
=222  \0$aDisability, media, culture$b(Print)
=245  00$aDisability, media, culture.
=263  \\$a202107
=264  \1$aOxford :$bPeter Lang Ltd
=310  \\$aSemiannual
=336  \\$atext$2rdacontent
=337  \\$aunmediated$2rdamedia
=338  \\$avolume$2rdacarrier
=776  08$iAlso issued online as:$tDisability, media, culture$x2633-0857
=985  \\$aLDO SERIALS - PLEASE PASS ALL ITEMS RECEIVED TO ISSN UK CENTRE.
=CAT  \\$a11313$b40$c20190813$lBLL01$h0825
=FMT  \\$a  SE
=LAS  \\$a11313$b40$c20190813$lBLL01$h0825
=LET  \0$aDisability, media, culture (Print)

