=LDR  00917 as a22003018i 4500
=001  019515003
=003  Uk
=005  20190821102838.0
=007  ta
=008  190821c20199999enkbr\p\\\\\\\0\\\a0eng\\
=022  0\$a2633-1519$202
=040  \\$aUk$beng$cUk$erda
=222  \0$aCruise inspiration$b(Print)
=245  00$aCruise inspiration.
=263  \\$a201911
=264  \1$aLondon :$bGood Eggs Media Limited
=310  \\$aBimonthly
=336  \\$atext$2rdacontent
=337  \\$aunmediated$2rdamedia
=338  \\$avolume$2rdacarrier
=776  08$iAlso issued online as:$tCruise inspiration$x2633-1527
=985  \\$aLDO SERIALS - PLEASE PASS ALL ITEMS RECEIVED TO ISSN UK CENTRE.
=CAT  \\$a11313$b40$c20190821$lBLL01$h1023
=CAT  \\$a11313$b40$c20190821$lBLL01$h1025
=CAT  \\$a11313$b40$c20190821$lBLL01$h1028
=FMT  \\$a  SE
=LAS  \\$a11313$b40$c20190821$lBLL01$h1028
=LET  \0$aCruise inspiration (Print)

