=LDR  00678 as a22002538i 4500
=001  019515034
=003  Uk
=005  20190821111341.0
=007  ta
=008  190821c20199999enkmr\p\\\\\\\0\\\a0eng\\
=022  0\$a2633-156X$202
=040  \\$aUk$beng$cUk$erda
=222  \0$aSmith$b(Qualify)
=245  00$aSmith.
=263  \\$a201910
=264  \1$aLondon :$bNR Publishing Limited
=310  \\$aMonthly
=336  \\$atext$2rdacontent
=337  \\$aunmediated$2rdamedia
=338  \\$avolume$2rdacarrier
=985  \\$aLDO SERIALS - PLEASE PASS ALL ITEMS RECEIVED TO ISSN UK CENTRE.
=CAT  \\$a11313$b40$c20190821$lBLL01$h1113
=FMT  \\$a  SE
=LAS  \\$a11313$b40$c20190821$lBLL01$h1113

