=LDR  00754 as a22002658i 4500
=001  019517371
=003  Uk
=005  20190823120434.0
=007  ta
=008  190823c20209999enkmx\p\\\\\\\0\\\a0eng\\
=022  0\$a2633-1381$202
=040  \\$aUk$beng$cUk$erda
=222  \0$aFun to learn moon & me
=245  00$aFun to learn moon & me.
=246  3\$aFun to learn moon and me
=263  \\$a202002
=264  \1$aShrewsbury :$bRedan Publishing Ltd
=310  \\$aEvery four weeks
=336  \\$atext$2rdacontent
=337  \\$aunmediated$2rdamedia
=338  \\$avolume$2rdacarrier
=985  \\$aLDO SERIALS - PLEASE PASS ALL ITEMS RECEIVED TO ISSN UK CENTRE.
=CAT  \\$a10973$b40$c20190823$lBLL01$h1204
=FMT  \\$a  SE
=LAS  \\$a10973$b40$c20190823$lBLL01$h1204

