=LDR  00717 as a22002538i 4500
=001  019519347
=003  Uk
=005  20190827125651.0
=007  ta
=008  190827c20199999enkfr\p\\\\\\\0\\\a0eng\\
=022  0\$a2633-1578$202
=040  \\$aUk$beng$cUk$erda
=222  \0$aVolcano Comics presents Mancunian
=245  00$aVolcano Comics presents Mancunian.
=263  \\$a201909
=264  \1$aBury :$bVolcano Comics
=310  \\$aSemiannual
=336  \\$atext$2rdacontent
=337  \\$aunmediated$2rdamedia
=338  \\$avolume$2rdacarrier
=985  \\$aLDO SERIALS - PLEASE PASS ALL ITEMS RECEIVED TO ISSN UK CENTRE.
=CAT  \\$a11313$b40$c20190827$lBLL01$h1256
=FMT  \\$a  SE
=LAS  \\$a11313$b40$c20190827$lBLL01$h1256

