=LDR  00773 as a22002778i 4500
=001  019519353
=003  Uk
=005  20190827130829.0
=007  ta
=008  190827c20199999enkfr\p\\\\\\\0\\\a0eng\\
=022  0\$a2633-1586$202
=040  \\$aUk$beng$cUk$erda
=222  \0$aCloakroom$b(Print)
=245  00$aCloakroom.
=263  \\$a201910
=264  \1$aLondon :$bC. Donaldson
=310  \\$aSemiannual
=336  \\$atext$2rdacontent
=337  \\$aunmediated$2rdamedia
=338  \\$avolume$2rdacarrier
=776  08$iAlso issued online as:$tCloakroom$x2633-1594
=985  \\$aLDO SERIALS - PLEASE PASS ALL ITEMS RECEIVED TO ISSN UK CENTRE.
=CAT  \\$a11313$b40$c20190827$lBLL01$h1308
=FMT  \\$a  SE
=LAS  \\$a11313$b40$c20190827$lBLL01$h1308
=LET  \0$aCloakroom (Print)

