=LDR  01088cas a22003018i 4500
=001  019529366
=003  Uk
=005  20230908142140.0
=007  ta
=008  190903c20209999enkqr\p\\\\\\\0\\\f0ara\\
=022  0\$a2633-2167
=040  \\$aUk$beng$cUk$erda
=222  \0$aAltanmiah almustadamah wa istishraf almustagbal$b(Print)
=245  00$aAltanmiah almustadamah wa istishraf almustagbal.
=263  \\$a202001
=264  \1$aLondon :$bWorld Association for Sustainable Development (WASD)
=310  \\$aQuarterly
=336  \\$atext$2rdacontent
=337  \\$aunmediated$2rdamedia
=338  \\$avolume$2rdacarrier
=776  08$iAlso issued online as:$tAltanmiah almustadamah wa istishraf almustagbal$x2633-2175
=985  \\$aLDO SERIALS - PLEASE PASS ALL ITEMS RECEIVED TO ISSN UK CENTRE.
=985  \\$aISSN responsibility transfer to IC pending (Richard, 08/09/23)
=CAT  \\$a11313$b40$c20190903$lBLL01$h1358
=CAT  \\$a10806$b40$c20230908$lBLL01$h1421
=FMT  \\$a  SE
=LAS  \\$a10806$b40$c20230908$lBLL01$h1421
=LET  \0$aAltanmiah almustadamah wa istishraf almustagbal (Print)

