=LDR  00765 as a22002658i 4500
=001  019536018
=003  Uk
=005  20190905131906.0
=007  ta
=008  190905c20199999enkwr\n\\\\\\\0\\\a0eng\\
=022  0\$a2633-2000$202
=040  \\$aUk$beng$cUk$erda
=222  \0$aCornish times$b(Saltash ed.)
=245  00$aCornish times.
=263  \\$aSaltash edition
=264  \1$aLiskeard :$bTindle Newspapers Cornwall Ltd
=310  \\$aWeekly
=336  \\$atext$2rdacontent
=337  \\$aunmediated$2rdamedia
=338  \\$avolume$2rdacarrier
=985  \\$aLDO SERIALS - PLEASE PASS ALL ITEMS RECEIVED TO ISSN UK CENTRE.
=CAT  \\$a10973$b40$c20190905$lBLL01$h1319
=FMT  \\$a  SE
=LAS  \\$a10973$b40$c20190905$lBLL01$h1319
=LET  \0$aCornish times (Saltash edition)

