=LDR  00672 as a22002538i 4500
=001  019538257
=003  Uk
=005  20190909082600.0
=007  ta
=008  190909c20199999enkmr\p\\\\\\\0\\\a0eng\\
=022  0\$a2633-2183$202
=040  \\$aUk$beng$cUk$erda
=222  \0$aWild forever
=245  00$aWild forever.
=263  \\$a201909
=264  \1$aLincoln :$bN. Goodacre
=310  \\$aMonthly
=336  \\$atext$2rdacontent
=337  \\$aunmediated$2rdamedia
=338  \\$avolume$2rdacarrier
=985  \\$aLDO SERIALS - PLEASE PASS ALL ITEMS RECEIVED TO ISSN UK CENTRE.
=CAT  \\$a11313$b40$c20190909$lBLL01$h0826
=FMT  \\$a  SE
=LAS  \\$a11313$b40$c20190909$lBLL01$h0826

