=LDR  00718 as a22002538i 4500
=001  019539147
=003  Uk
=005  20190910080526.0
=007  ta
=008  190910c20199999enktr\p\\\\\\\0\\\a0eng\\
=022  0\$a2633-2272$202
=040  \\$aUk$beng$cUk$erda
=222  \4$aThe super healthy comic
=245  04$aThe super healthy comic.
=263  \\$a201911
=264  \1$aLondon :$bSovereign Comics Limited
=310  \\$aThree issues yearly
=336  \\$atext$2rdacontent
=337  \\$aunmediated$2rdamedia
=338  \\$avolume$2rdacarrier
=985  \\$aLDO SERIALS - PLEASE PASS ALL ITEMS RECEIVED TO ISSN UK CENTRE.
=CAT  \\$a11313$b40$c20190910$lBLL01$h0805
=FMT  \\$a  SE
=LAS  \\$a11313$b40$c20190910$lBLL01$h0805

