=LDR  00729 as a22002658i 4500
=001  019540334
=003  Uk
=005  20210218083623.0
=007  ta
=008  190910c20219999enkbr\p\\\\\\\0\\\a0eng\\
=022  0\$a2633-2280$202
=040  \\$aUk$beng$cUk$erda
=222  \0$aDovetail$b(Qualify)
=245  00$aDovetail.
=263  \\$a202108
=264  \1$aLewes :$bGMC Publications
=310  \\$aBimonthly
=336  \\$atext$2rdacontent
=337  \\$aunmediated$2rdamedia
=338  \\$avolume$2rdacarrier
=985  \\$aLDO SERIALS - PLEASE PASS ALL ITEMS RECEIVED TO ISSN UK CENTRE.
=CAT  \\$a11313$b40$c20190910$lBLL01$h1447
=CAT  \\$a11130$b40$c20210218$lBLL01$h0836
=FMT  \\$a  SE
=LAS  \\$a11130$b40$c20210218$lBLL01$h0836

