=LDR  00741 as a22002658i 4500
=001  019547232
=003  Uk
=005  20190918092030.0
=007  ta
=008  190918c20199999enkqr\p\\\\\\\0\\\a0eng\\
=022  0\$a2633-2507$202
=040  \\$aUk$beng$cUk$erda
=222  \0$aCake fiesta magazine
=245  00$aCake fiesta magazine.
=263  \\$a201911
=264  \1$aUxbridge :$bValeri Valeriano
=310  \\$aQuarterly
=336  \\$atext$2rdacontent
=337  \\$aunmediated$2rdamedia
=338  \\$avolume$2rdacarrier
=985  \\$aLDO SERIALS - PLEASE PASS ALL ITEMS RECEIVED TO ISSN UK CENTRE.
=CAT  \\$a10806$b40$c20190918$lBLL01$h0920
=FMT  \\$a  SE
=LAS  \\$a10806$b40$c20190918$lBLL01$h0920
=LET  \0$aCake fiesta magazine (Print)

