=LDR  00695 as a22002658i 4500
=001  019547459
=003  Uk
=005  20190918155344.0
=007  ta
=008  190918c20199999enkfr\p\\\\\\\0\\\a0eng\\
=022  0\$a2633-2663$202
=040  \\$aUk$beng$cUk$erda
=222  \0$aDecent
=245  00$aDecent.
=263  \\$a201912
=264  \1$aLondon :$bMaria Kivimaa
=310  \\$aSemiannual
=336  \\$atext$2rdacontent
=337  \\$aunmediated$2rdamedia
=338  \\$avolume$2rdacarrier
=985  \\$aLDO SERIALS - PLEASE PASS ALL ITEMS RECEIVED TO ISSN UK CENTRE.
=CAT  \\$a11205$b40$c20190918$lBLL01$h1553
=FMT  \\$a  SE
=LAS  \\$a11205$b40$c20190918$lBLL01$h1553
=LET  \0$aDecent (Print)

