=LDR  00786 as a22002658i 4500
=001  019547464
=003  Uk
=005  20190918160445.0
=007  ta
=008  190918c20199999enkqr\p\\\\\\\0\\\a0eng\\
=022  0\$a2633-2671$202
=040  \\$aUk$beng$cUk$erda
=222  \0$aVegan everyday cookbook
=245  00$aVegan everyday cookbook.
=263  \\$a201911
=264  \1$aColchester, Essex :$bKeith Coomber [Prime Impact Events & Media]
=310  \\$aQuarterly
=336  \\$atext$2rdacontent
=337  \\$aunmediated$2rdamedia
=338  \\$avolume$2rdacarrier
=985  \\$aLDO SERIALS - PLEASE PASS ALL ITEMS RECEIVED TO ISSN UK CENTRE.
=CAT  \\$a11205$b40$c20190918$lBLL01$h1604
=FMT  \\$a  SE
=LAS  \\$a11205$b40$c20190918$lBLL01$h1604
=LET  \0$aVegan everyday cookbook (Print)

