=LDR  00697 as a22002538i 4500
=001  019548641
=003  Uk
=005  20190920111858.0
=007  ta
=008  190920c20199999enkmr\p\\\\\\\0\\\a0eng\\
=022  0\$a2633-2043$202
=040  \\$aUk$beng$cUk$erda
=222  \0$aAfrican voice journal
=245  00$aAfrican voice journal.
=263  \\$a201911
=264  \1$aNottingham :$bM. Eremionkhale
=310  \\$aMonthly
=336  \\$atext$2rdacontent
=337  \\$aunmediated$2rdamedia
=338  \\$avolume$2rdacarrier
=985  \\$aLDO SERIALS - PLEASE PASS ALL ITEMS RECEIVED TO ISSN UK CENTRE.
=CAT  \\$a10973$b40$c20190920$lBLL01$h1118
=FMT  \\$a  SE
=LAS  \\$a10973$b40$c20190920$lBLL01$h1118

