=LDR  00888cas a22002778i 4500
=001  019548724
=003  Uk
=005  20220825125124.0
=007  ta
=008  190920c20209999enk\x\m\\\\\\\0\\\a0eng\\
=022  0\$a2633-2078$202
=040  \\$aUk$beng$cUk$erda
=222  \0$aElements in genetics in epilepsy$b(Print)
=245  00$aElements in genetics in epilepsy.
=263  \\$a202005
=264  \1$aCambridge :$bCambridge University Press
=336  \\$atext$2rdacontent
=337  \\$aunmediated$2rdamedia
=338  \\$avolume$2rdacarrier
=985  \\$aLDO SERIALS - PLEASE PASS ALL ITEMS RECEIVED TO ISSN UK CENTRE.
=985  \\$aPlease link to ISSN 2633-2086 (Print) on completion
=CAT  \\$a10973$b40$c20190920$lBLL01$h1337
=CAT  \\$a10806$b40$c20220825$lBLL01$h1251
=FMT  \\$a  SE
=LAS  \\$a10806$b40$c20220825$lBLL01$h1251
=LET  \0$aElements in genetics in epilepsy (Print)

