=LDR  00985 as a22002898i 4500
=001  019552089
=003  Uk
=005  20200911102439.0
=007  ta
=008  190924c20209999enkqr\p\\\\\\\0\\\a0eng\\
=022  0\$a2633-2531$202
=040  \\$aUk$beng$cUk$erda
=222  \0$aInternational journal of risk, regulation, compliance and operational resiliency
=245  00$aInternational journal of risk, regulation, compliance and operational resiliency.
=263  \\$a202012
=264  \1$aLondon :$bTargol Jahanbakhsh
=310  \\$aQuarterly
=336  \\$atext$2rdacontent
=337  \\$aunmediated$2rdamedia
=338  \\$avolume$2rdacarrier
=985  \\$aISSN UK Centre note: delayed until at least June 2020.
=985  \\$aLDO SERIALS - PLEASE PASS ALL ITEMS RECEIVED TO ISSN UK CENTRE.
=CAT  \\$a10806$b40$c20190924$lBLL01$h1029
=CAT  \\$a10973$b40$c20200327$lBLL01$h1649
=CAT  \\$a10973$b40$c20200911$lBLL01$h1024
=FMT  \\$a  SE
=LAS  \\$a10973$b40$c20200911$lBLL01$h1024

