=LDR  00738 as a22002538i 4500
=001  019552150
=003  Uk
=005  20190924125243.0
=007  ta
=008  190924c20199999enkqr\p\\\\\\\0\\\a0eng\\
=022  0\$a2633-2701$202
=040  \\$aUk$beng$cUk$erda
=222  \0$aLucky seven crossword collection special
=245  00$aLucky seven crossword collection special.
=263  \\$a201911
=264  \1$aLondon :$bKeesing Media UK Ltd
=310  \\$aQuarterly
=336  \\$atext$2rdacontent
=337  \\$aunmediated$2rdamedia
=338  \\$avolume$2rdacarrier
=985  \\$aLDO SERIALS - PLEASE PASS ALL ITEMS RECEIVED TO ISSN UK CENTRE.
=CAT  \\$a11313$b40$c20190924$lBLL01$h1252
=FMT  \\$a  SE
=LAS  \\$a11313$b40$c20190924$lBLL01$h1252

