=LDR  00936 as a22003018i 4500
=001  019552160
=003  Uk
=005  20190924133348.0
=007  ta
=008  190924c20199999enkar\p\\\\\\\0\\\a0eng\\
=022  0\$a2633-271X$202
=040  \\$aUk$beng$cUk$erda
=222  \0$aQP vintage watch special
=245  00$aQP vintage watch special.
=246  3\$aQuantieme perpetuel vintage watch special
=246  3\$aQuantieme perpetuel vintage watch special
=263  \\$a201911
=264  \1$aLondon :$bHearst
=310  \\$aAnnual
=336  \\$atext$2rdacontent
=337  \\$aunmediated$2rdamedia
=338  \\$avolume$2rdacarrier
=985  \\$aISSN UK Centre note: See also 'QP' ISSN 1479-4837 - 787 link?
=985  \\$aLDO SERIALS - PLEASE PASS ALL ITEMS RECEIVED TO ISSN UK CENTRE.
=CAT  \\$a11313$b40$c20190924$lBLL01$h1332
=CAT  \\$a11313$b40$c20190924$lBLL01$h1333
=FMT  \\$a  SE
=LAS  \\$a11313$b40$c20190924$lBLL01$h1333

