=LDR  00831 as a22002898i 4500
=001  019557131
=003  Uk
=005  20190930083152.0
=007  ta
=008  190930c20199999enkfr\p\\\\\\\0\\\a0eng\\
=022  0\$a2633-285X$202
=040  \\$aUk$beng$cUk$erda
=222  \0$aNovos$b(Print)
=245  00$aNovos.
=246  13$aBucks research and impact journal
=263  \\$a201912
=264  \1$aHigh Wycombe :$bBuckinghamshire New University
=310  \\$aSemiannual
=336  \\$atext$2rdacontent
=337  \\$aunmediated$2rdamedia
=338  \\$avolume$2rdacarrier
=776  08$iAlso issued online as:$tNovos$x2633-2868
=985  \\$aLDO SERIALS - PLEASE PASS ALL ITEMS RECEIVED TO ISSN UK CENTRE.
=CAT  \\$a11313$b40$c20190930$lBLL01$h0831
=FMT  \\$a  SE
=LAS  \\$a11313$b40$c20190930$lBLL01$h0831
=LET  \0$aNovos (Print)

