=LDR  00790 as a22002658i 4500
=001  019557977
=003  Uk
=005  20191001090956.0
=007  ta
=008  191001c20209999enkwr\p\\\\\\\0\\\a0eng\\
=022  0\$a2633-3198$202
=040  \\$aUk$beng$cUk$erda
=222  \4$aThe Lord of the Rings, the card game
=245  04$aThe Lord of the Rings, the card game.
=263  \\$a202001
=264  \1$aLondon :$bHachette Partworks Ltd
=310  \\$aWeekly
=336  \\$atext$2rdacontent
=337  \\$aunmediated$2rdamedia
=338  \\$avolume$2rdacarrier
=985  \\$aLDO SERIALS - PLEASE PASS ALL ITEMS RECEIVED TO ISSN UK CENTRE.
=CAT  \\$a11313$b40$c20191001$lBLL01$h0909
=FMT  \\$a  SE
=LAS  \\$a11313$b40$c20191001$lBLL01$h0909
=LET  \4$aThe Lord of the Rings, the card game (Print)

