=LDR  00810 as a22002778i 4500
=001  019562905
=003  Uk
=005  20191002110324.0
=007  ta
=008  191002c20199999enkbr\p\\\\\\\0\\\a0eng\\
=022  0\$a2633-2604$202
=040  \\$aUk$beng$cUk$erda
=222  \0$aSolidarity$b(Qualify. Print)
=245  00$aSolidarity.
=263  \\$a201910
=264  \1$aYeovil :$bIndustrial Workers of the World (IWW)
=310  \\$aBimonthly
=336  \\$atext$2rdacontent
=337  \\$aunmediated$2rdamedia
=338  \\$avolume$2rdacarrier
=776  08$iAlso issued online as:$tSolidarity$x2633-2612
=985  \\$aLDO SERIALS - PLEASE PASS ALL ITEMS RECEIVED TO ISSN UK CENTRE.
=CAT  \\$a10806$b40$c20191002$lBLL01$h1103
=FMT  \\$a  SE
=LAS  \\$a10806$b40$c20191002$lBLL01$h1103
=LET  \0$aSolidarity (Print)

