=LDR  00961 as a22003018i 4500
=001  019570672
=003  Uk
=005  20200219092112.0
=007  ta
=008  191009c20209999enkmr\p\\\\\\\0\\\a0eng\\
=022  0\$a2633-3481$202
=040  \\$aUk$beng$cUk$erda
=222  \0$aMusic legends special edition
=245  00$aMusic legends special edition.
=263  \\$a202004
=264  \1$aStratford-upon-Avon :$bCoda Publishing Ltd
=310  \\$aMonthly
=336  \\$atext$2rdacontent
=337  \\$aunmediated$2rdamedia
=338  \\$avolume$2rdacarrier
=985  \\$aLDO SERIALS - PLEASE PASS ALL ITEMS RECEIVED TO ISSN UK CENTRE.
=985  \\$aPlease link to ISSN 2632-9492 Music legends magazine on completion
=CAT  \\$a10806$b40$c20191009$lBLL01$h0753
=CAT  \\$a10806$b40$c20191009$lBLL01$h0802
=CAT  \\$a10973$b40$c20200219$lBLL01$h0921
=FMT  \\$a  SE
=LAS  \\$a10973$b40$c20200219$lBLL01$h0921
=LET  \0$aMusic legends special edition (Print)

