=LDR  00726 as a22002658i 4500
=001  019570990
=003  Uk
=005  20191009140827.0
=007  ta
=008  191009c20209999stkar\p\\\\\\\0\\\a0eng\\
=022  0\$a2633-3619$202
=040  \\$aUk$beng$cUk$erda
=222  \0$aElfin's almanac
=245  00$aElfin's almanac.
=263  \\$a202001
=264  \1$aCastle Douglas :$bElfin Diaries
=310  \\$aAnnusl
=336  \\$atext$2rdacontent
=337  \\$aunmediated$2rdamedia
=338  \\$avolume$2rdacarrier
=985  \\$aLDO SERIALS - PLEASE PASS ALL ITEMS RECEIVED TO ISSN UK CENTRE.
=CAT  \\$a11205$b40$c20191009$lBLL01$h1408
=FMT  \\$a  SE
=LAS  \\$a11205$b40$c20191009$lBLL01$h1408
=LET  \0$aElfin's almanac (Print)

