=LDR  00767 as a22002658i 4500
=001  019571023
=003  Uk
=005  20191009143501.0
=007  ta
=008  191009c20199999enkgr\p\\\\\\\0\\\a0eng\\
=022  0\$a2633-3627$202
=040  \\$aUk$beng$cUk$erda
=222  \0$aPort of Melilla handbook
=245  00$aPort of Melilla handbook.
=263  \\$a201911
=264  \1$aDownham Market :$bCompass Handbooks Limited
=310  \\$aBiennial
=336  \\$atext$2rdacontent
=337  \\$aunmediated$2rdamedia
=338  \\$avolume$2rdacarrier
=985  \\$aLDO SERIALS - PLEASE PASS ALL ITEMS RECEIVED TO ISSN UK CENTRE.
=CAT  \\$a11205$b40$c20191009$lBLL01$h1435
=FMT  \\$a  SE
=LAS  \\$a11205$b40$c20191009$lBLL01$h1435
=LET  \0$aPort of Melilla handbook (Print)

