=LDR  01593cas a22004218i 4500
=001  019574431
=003  Uk
=005  20230210011453.0
=007  ta
=008  191015c20209999enk\x\p\\\\\\\0\\\a0eng\\
=022  0\$a2633-3317$202
=040  \\$aUk$beng$cUk$erda
=222  \0$aElements in cognitive linguistics$b(Print)
=245  00$aElements in cognitive linguistics.
=263  \\$a202010
=264  \1$aCambridge :$bCambridge University Press
=336  \\$atext$2rdacontent
=337  \\$aunmediated$2rdamedia
=338  \\$avolume$2rdacarrier
=490  0\$aCambridge elements
=540  \\$aCurrent Copyright Fee: GBP22.50$c0$5Uk
=985  \\$aLDO SERIALS - PLEASE PASS ALL ITEMS RECEIVED TO ISSN UK CENTRE.
=985  \\$aPlease link to ISSN 2633-3325 (Online) on completion.
=ACF  \\$aPrevious Copyright Fee: GBP22.50$c0$e01-oct-2021$fGBP22.50$g0$hC$5Uk
=CAT  \\$a11313$b40$c20191015$lBLL01$h1100
=CAT  \\$aBATCH-CLA$b00$c20210917$lBLL01$h1605
=CAT  \\$aIPL-CLA$c20210930$lBLL01$h1659
=CAT  \\$a10806$b40$c20221121$lBLL01$h0910
=CAT  \\$a10806$b40$c20221121$lBLL01$h0936
=CAT  \\$aBATCH-CLA$b00$c20221130$lBLL01$h1449
=CAT  \\$aIPL-CLA$c20221231$lBLL01$h2349
=CAT  \\$aBATCH-CLA$b00$c20230209$lBLL01$h1536
=CAT  \\$aIPL-CLA$c20230210$lBLL01$h0114
=CFI  0\$aCurrent Copyright Fee: GBP22.50$c0$e09-feb-2023$fGBP22.50$g0$hC$5Uk
=CFI  2\$aBritish Library not licensed to copy$c0$e01-jan-2023$hC$iCFP Excluded$5Uk
=FMT  \\$a  SE
=LAS  \\$aIPL-CLA$b00$c20230210$lBLL01$h0114
=LET  \0$aElements in cognitive linguistics (Print)

