=LDR  01707cas a22004458i 4500
=001  019577806
=003  Uk
=005  20230210011453.0
=007  ta
=008  191016c20209999enkar\p\\\\\\\0\\\a0eng\\
=022  0\$a2633-3805$202
=040  \\$aUk$beng$cUk$erda
=222  \4$aThe waterline$b(Qualify. Print)
=245  04$aThe waterline.
=263  \\$a201911
=264  \1$aGrimsby :$bWaltons Publications Ltd
=310  \\$aAnnual
=336  \\$atext$2rdacontent
=337  \\$aunmediated$2rdamedia
=338  \\$avolume$2rdacarrier
=540  \\$aCurrent Copyright Fee: GBP25.00$c0$5Uk
=985  \\$aLDO SERIALS - PLEASE PASS ALL ITEMS RECEIVED TO ISSN UK CENTRE.
=985  \\$aISSN UK Centre: see also online version, ISSN 2633-3813. Please add 776 to both records on completion.
=ACF  \\$aPrevious Copyright Fee: GBP20.00$c0$e01-apr-2020$fGBP20.00$g0$hC$5Uk
=ACF  \\$aPrevious Copyright Fee: GBP22.50$c0$e01-jan-2021$fGBP22.50$g0$hC$5Uk
=CAT  \\$a10806$b40$c20191016$lBLL01$h1440
=CAT  \\$aBATCH-CLA$b00$c20200228$lBLL01$h1634
=CAT  \\$aIPL-CLA$c20200331$lBLL01$h1639
=CAT  \\$aBATCH-CLA$b00$c20201126$lBLL01$h1411
=CAT  \\$aIPL-CLA$c20201231$lBLL01$h2353
=CAT  \\$a10973$b40$c20211217$lBLL01$h1549
=CAT  \\$aBATCH-CLA$b00$c20221130$lBLL01$h1449
=CAT  \\$aIPL-CLA$c20221231$lBLL01$h2349
=CAT  \\$aBATCH-CLA$b00$c20230209$lBLL01$h1536
=CAT  \\$aIPL-CLA$c20230210$lBLL01$h0114
=CFI  0\$aCurrent Copyright Fee: GBP25.00$c0$e09-feb-2023$fGBP25.00$g0$hC$5Uk
=CFI  2\$aBritish Library not licensed to copy$c0$e01-jan-2023$hC$iCFP Excluded$5Uk
=FMT  \\$a  SE
=LAS  \\$aIPL-CLA$b00$c20230210$lBLL01$h0114
=LET  \0$aWaterline (Print)

