=LDR  00744 as a22002778i 4500
=001  019578519
=003  Uk
=005  20191017120829.0
=007  ta
=008  191017c20199999enkar\p\\\\\\\0\\\a0eng\\
=022  0\$a2633-3023$202
=040  \\$aUk$beng$cUk$erda
=222  \0$aV20$b(Print)
=245  00$aV20.
=263  \\$a201910
=264  \1$aStroud :$bCre8urbrand
=310  \\$aAnnual
=336  \\$atext$2rdacontent
=337  \\$aunmediated$2rdamedia
=338  \\$avolume$2rdacarrier
=776  08$iAlso issued online as:$tV20$x2633-3031
=985  \\$aLDO SERIALS - PLEASE PASS ALL ITEMS RECEIVED TO ISSN UK CENTRE.
=CAT  \\$a10973$b40$c20191017$lBLL01$h1208
=FMT  \\$a  SE
=LAS  \\$a10973$b40$c20191017$lBLL01$h1208
=LET  \0$aV20 (Print)

