=LDR  00903 as a22002778i 4500
=001  019582497
=003  Uk
=005  20191021093332.0
=007  ta
=008  191021c20199999enkmx\p\\\\\\\0\\\a0eng\\
=022  0\$a2633-3392$202
=040  \\$aUk$beng$cUk$erda
=222  \0$aWomen's fitness compact
=245  00$aWomen's fitness compact.
=263  \\$a201912
=264  \1$aYalding :$bKelsey Publishing
=310  \\$aThirteen issues yearly
=336  \\$atext$2rdacontent
=337  \\$aunmediated$2rdamedia
=338  \\$avolume$2rdacarrier
=985  \\$aISSN UK Centre note: compact version of Women's fitness (ISSN 1752-6310). Please link when completing. ISSN UK, 21.10.2019.
=985  \\$aLDO SERIALS - PLEASE PASS ALL ITEMS RECEIVED TO ISSN UK CENTRE.
=CAT  \\$a11313$b40$c20191021$lBLL01$h0933
=FMT  \\$a  SE
=LAS  \\$a11313$b40$c20191021$lBLL01$h0933
=LET  \0$aWomen's fitness compact (Print)

