=LDR  00795 as a22002778i 4500
=001  019582850
=003  Uk
=005  20191022093912.0
=007  ta
=008  191022c20199999enkfr\p\\\\\\\0\\\a0eng\\
=022  0\$a2633-3856$202
=040  \\$aUk$beng$cUk$erda
=222  \0$aDetour/Detours
=245  00$aDetour/Detours.
=263  \\$a201911
=264  \1$aLondon :$bHotel
=310  \\$aSemiannual
=336  \\$atext$2rdacontent
=337  \\$aunmediated$2rdamedia
=338  \\$avolume$2rdacarrier
=985  \\$aLDO SERIALS - PLEASE PASS ALL ITEMS RECEIVED TO ISSN UK CENTRE.
=985  \\$aPlease consider link to ISSN 2059-7371 Hotel (London)
=CAT  \\$a10806$b40$c20191022$lBLL01$h0937
=CAT  \\$a10806$b40$c20191022$lBLL01$h0939
=FMT  \\$a  SE
=LAS  \\$a10806$b40$c20191022$lBLL01$h0939

