=LDR  01014 as a22002898i 4500
=001  019582913
=003  Uk
=005  20191125125755.0
=007  ta
=008  191022c20209999enkmr\p\\\\\\\0\\\a0eng\\
=022  0\$a2633-397X$202
=040  \\$aUk$beng$cUk$erda
=222  \0$aINTO journal of business, economics and finance
=245  00$aINTO journal of business, economics and finance.
=263  \\$a202002
=264  \1$aNewcastle upon Tyne :$bINTO Newcastle University LLP
=310  \\$aMonthly
=336  \\$atext$2rdacontent
=337  \\$aunmediated$2rdamedia
=338  \\$avolume$2rdacarrier
=985  \\$aLDO SERIALS - PLEASE PASS ALL ITEMS RECEIVED TO ISSN UK CENTRE.
=985  \\$aISSN UK Centre note: Originally applied for as 'INTO journal of business and economics' in October 2019.
=CAT  \\$a11313$b40$c20191022$lBLL01$h1123
=CAT  \\$a11313$b40$c20191125$lBLL01$h1257
=FMT  \\$a  SE
=LAS  \\$a11313$b40$c20191125$lBLL01$h1257
=LET  \0$aINTO journal of business, economics and finance (Print)

