=LDR  01463cas a22003858i 4500
=001  019585089
=003  Uk
=005  20230210011454.0
=007  ta
=008  191023c20209999enk\x\p\\\\\\\0\\\a0eng\\
=022  0\$a2633-3872$202
=040  \\$aUk$beng$cUk$erda
=222  \0$aElements in music and the city$b(Print)
=245  00$aElements in music and the city.
=263  \\$a202012
=264  \1$aCambridge :$bCambridge University Press
=336  \\$atext$2rdacontent
=337  \\$aunmediated$2rdamedia
=338  \\$avolume$2rdacarrier
=540  \\$aCurrent Copyright Fee: GBP22.50$c0$5Uk
=776  08$iAlso issued online as:$tElements in music and the city$x2633-3880
=985  \\$aLDO SERIALS - PLEASE PASS ALL ITEMS RECEIVED TO ISSN UK CENTRE.
=ACF  \\$aPrevious Copyright Fee: GBP22.50$c0$e01-oct-2021$fGBP22.50$g0$hC$5Uk
=CAT  \\$a11205$b40$c20191023$lBLL01$h1101
=CAT  \\$aBATCH-CLA$b00$c20210917$lBLL01$h1606
=CAT  \\$aIPL-CLA$c20210930$lBLL01$h1659
=CAT  \\$aBATCH-CLA$b00$c20221130$lBLL01$h1450
=CAT  \\$aIPL-CLA$c20221231$lBLL01$h2349
=CAT  \\$aBATCH-CLA$b00$c20230209$lBLL01$h1537
=CAT  \\$aIPL-CLA$c20230210$lBLL01$h0114
=CFI  0\$aCurrent Copyright Fee: GBP22.50$c0$e09-feb-2023$fGBP22.50$g0$hC$5Uk
=CFI  2\$aBritish Library not licensed to copy$c0$e01-jan-2023$hC$iCFP Excluded$5Uk
=FMT  \\$a  SE
=LAS  \\$aIPL-CLA$b00$c20230210$lBLL01$h0114
=LET  \0$aElements in music and the city (Print)

