=LDR  00736 as a22002658i 4500
=001  019585230
=003  Uk
=005  20191023160319.0
=007  ta
=008  191023c20199999enkqr\p\\\\\\\0\\\a0eng\\
=022  0\$a2633-416X$202
=040  \\$aUk$beng$cUk$erda
=222  \0$aWillibrord sheet
=245  00$aWillibrord sheet.
=263  \\$a201910
=264  \1$aLondon :$bThe Willibrord Fellowship
=310  \\$aQuarterly
=336  \\$atext$2rdacontent
=337  \\$aunmediated$2rdamedia
=338  \\$avolume$2rdacarrier
=985  \\$aLDO SERIALS - PLEASE PASS ALL ITEMS RECEIVED TO ISSN UK CENTRE.
=CAT  \\$a11205$b40$c20191023$lBLL01$h1603
=FMT  \\$a  SE
=LAS  \\$a11205$b40$c20191023$lBLL01$h1603
=LET  \0$aWillibrord sheet (Print)

