=LDR  00774 as a22002778i 4500
=001  019585234
=003  Uk
=005  20191023163341.0
=007  ta
=008  191023c20199999enkfr\p\\\\\\\0\\\a0eng\\
=022  0\$a2633-4178$202
=040  \\$aUk$beng$cUk$erda
=222  \0$aIndulge$b(Qualify. Print)
=245  00$aIndulge.
=263  \\$a201912
=264  \1$aByfleet :$bSteven Lyon
=310  \\$aSemiannual
=336  \\$atext$2rdacontent
=337  \\$aunmediated$2rdamedia
=338  \\$avolume$2rdacarrier
=776  08$iAlso issued online as:$tIndulge$x2633-4186
=985  \\$aLDO SERIALS - PLEASE PASS ALL ITEMS RECEIVED TO ISSN UK CENTRE.
=CAT  \\$a11205$b40$c20191023$lBLL01$h1633
=FMT  \\$a  SE
=LAS  \\$a11205$b40$c20191023$lBLL01$h1633
=LET  \0$aIndulge (Print)

