=LDR  00685 as a22002538i 4500
=001  019585718
=003  Uk
=005  20191024124933.0
=007  ta
=008  191024c20199999enkmr\p\\\\\\\0\\\a0eng\\
=022  0\$a2633-3082$202
=040  \\$aUk$beng$cUk$erda
=222  \0$aLive happy$b(Qualify)
=245  00$aLive happy.
=263  \\$a201912
=264  \1$aYalding :$bKelsey Publishing
=310  \\$aMonthly
=336  \\$atext$2rdacontent
=337  \\$aunmediated$2rdamedia
=338  \\$avolume$2rdacarrier
=985  \\$aLDO SERIALS - PLEASE PASS ALL ITEMS RECEIVED TO ISSN UK CENTRE.
=CAT  \\$a10973$b40$c20191024$lBLL01$h1249
=FMT  \\$a  SE
=LAS  \\$a10973$b40$c20191024$lBLL01$h1249

