=LDR  00699 as a22002538i 4500
=001  019589119
=003  Uk
=005  20191029085436.0
=007  ta
=008  191029c20199999enkqr\p\\\\\\\0\\\a0eng\\
=022  0\$a2633-4054$202
=040  \\$aUk$beng$cUk$erda
=222  \0$aTwelve scholars journal
=245  00$aTwelve scholars journal.
=263  \\$a201911
=264  \1$aBolton :$bTwelve Scholars
=310  \\$aQuarterly
=336  \\$atext$2rdacontent
=337  \\$aunmediated$2rdamedia
=338  \\$avolume$2rdacarrier
=985  \\$aLDO SERIALS - PLEASE PASS ALL ITEMS RECEIVED TO ISSN UK CENTRE.
=CAT  \\$a11313$b40$c20191029$lBLL01$h0854
=FMT  \\$a  SE
=LAS  \\$a11313$b40$c20191029$lBLL01$h0854

