=LDR  00887 as a22002778i 4500
=001  019591830
=003  Uk
=005  20191030091703.0
=007  ta
=008  191030c20199999enkar\p\\\\\\\0\\\a0eng\\
=022  0\$a2633-3120$202
=040  \\$aUk$beng$cUk$erda
=222  \0$aBeauty advertising expenditure forecasts$b(Print)
=245  00$aBeauty advertising expenditure forecasts.
=263  \\$a201910
=264  \1$aLondon :$bZenith
=310  \\$aAnnual
=336  \\$atext$2rdacontent
=337  \\$aunmediated$2rdamedia
=338  \\$avolume$2rdacarrier
=776  08$iAlso issued online as:$tBeauty advertising expenditure forecasts$x2633-3139
=985  \\$aLDO SERIALS - PLEASE PASS ALL ITEMS RECEIVED TO ISSN UK CENTRE.
=CAT  \\$a10973$b40$c20191030$lBLL01$h0917
=FMT  \\$a  SE
=LAS  \\$a10973$b40$c20191030$lBLL01$h0917
=LET  \0$aBeauty advertising expenditure forecasts (Print)

