=LDR  01004 as a22002778i 4500
=001  019592405
=003  Uk
=005  20191031110516.0
=007  ta
=008  191031c20209999enk\x\m\\\\\\\0\\\a0eng\\
=022  0\$a2633-4461$202
=040  \\$aUk$beng$cUk$erda
=222  \0$aElements in the city of Rome to the end of late antiquity$b(Print)
=245  00$aElements in the city of Rome to the end of late antiquity.
=263  \\$a202012
=264  \1$aCambridge :$bCambridge University Press
=336  \\$atext$2rdacontent
=337  \\$aunmediated$2rdamedia
=338  \\$avolume$2rdacarrier
=776  08$iAlso issued online as:$tElements in the city of Rome to the end of late antiquity$x2633-447X
=985  \\$aLDO SERIALS - PLEASE PASS ALL ITEMS RECEIVED TO ISSN UK CENTRE.
=CAT  \\$a10973$b40$c20191031$lBLL01$h1101
=CAT  \\$a10973$b40$c20191031$lBLL01$h1105
=FMT  \\$a  SE
=LAS  \\$a10973$b40$c20191031$lBLL01$h1105
=LET  \0$aElements in the city of Rome to the end of late antiquity (Print)

