=LDR  01402cas a22003498i 4500
=001  019598748
=003  Uk
=005  20230331171125.0
=007  ta
=008  191105c20209999enk\x\p\\\\\\\0\\\a0eng\\
=022  0\$a2633-4666$202
=040  \\$aUk$beng$cUk$erda
=222  \0$aJournal of marine sciences$b(Qualify. Print)
=245  00$aJournal of marine sciences.
=263  \\$a202001
=264  \1$aLondon :$bHindawi Limited
=336  \\$atext$2rdacontent
=337  \\$aunmediated$2rdamedia
=338  \\$avolume$2rdacarrier
=540  \\$aCurrent Copyright Fee: GBP25.00$c0$5Uk
=985  \\$aISSN UK Centre note: C/T from Journal of marine biology, ISSN 1687-9481 - please add 78X and LKR fields when completing. ISSN UK, 05.11.2019.
=985  \\$aISSN UK CENTRE: see also online version (ISSN 2633-4674) ; please add 776 to both records on completion.
=985  \\$aISSN UK Centre: scans of print format version requested 23.3.20 DLW.
=985  \\$aLDO SERIALS - PLEASE PASS ALL ITEMS RECEIVED TO ISSN UK CENTRE.
=CAT  \\$a11313$b40$c20191105$lBLL01$h0747
=CAT  \\$a10973$b40$c20200325$lBLL01$h1722
=CAT  \\$aBATCH-CLA$b00$c20230314$lBLL01$h1828
=CAT  \\$aIPL-CLA$c20230331$lBLL01$h1711
=CFI  0\$aCurrent Copyright Fee: GBP25.00$c0$e01-apr-2023$fGBP25.00$g0$hC$5Uk
=FMT  \\$a  SE
=LAS  \\$aIPL-CLA$b00$c20230331$lBLL01$h1711
=LET  \0$aJournal of marine sciences (Print)

