=LDR  01404cas a22003378i 4500
=001  019598750
=003  Uk
=005  20221102150932.0
=007  ta
=008  191105c20209999enk\x\p\\\\\\\0\\\a0eng\\
=022  0\$a2633-4682$202
=040  \\$aUk$beng$cUk$erda
=222  \0$aAdvances in pharmacological and pharmaceutical sciences$b(Print)
=245  00$aAdvances in pharmacological and pharmaceutical sciences.
=263  \\$a202001
=264  \1$aLondon :$bHindawi Limited
=336  \\$atext$2rdacontent
=337  \\$aunmediated$2rdamedia
=338  \\$avolume$2rdacarrier
=985  \\$aISSN UK Centre note: C/T from Advances in pharmacological sciences, ISSN 1687-6334 - please add 78X and LKR fields when completing. ISSN UK, 05.11.2019.
=985  \\$aISSN UK Centre: see also online version (ISSN 2633-4690) ; please add 776 to both records on completion.
=985  \\$aISSN UK Centre: scans of print format requested for completion 23.3.20 DLW.
=985  \\$aLDO SERIALS - PLEASE PASS ALL ITEMS RECEIVED TO ISSN UK CENTRE.
=CAT  \\$a11313$b40$c20191105$lBLL01$h0758
=CAT  \\$a10973$b40$c20200325$lBLL01$h1707
=CAT  \\$a14586$b40$c20210106$lBLL01$h1644
=CAT  \\$a14586$b40$c20210106$lBLL01$h1645
=CAT  \\$a11033$b40$c20221102$lBLL01$h1509
=FMT  \\$a  SE
=LAS  \\$a11033$b40$c20221102$lBLL01$h1509
=LET  \0$aAdvances in pharmacological and pharmaceutical sciences (Print)

