=LDR  00796 as a22002778i 4500
=001  019604858
=003  Uk
=005  20191106140315.0
=007  ta
=008  191106c20209999enkmr\p\\\\\\\0\\\a0eng\\
=022  0\$a2633-4348$202
=040  \\$aUk$beng$cUk$erda
=222  \0$aLet's talk$b(Suffolk ed.)
=245  00$aLet's talk.
=263  \\$a202001
=264  \1$aNorwich :$bArchant
=310  \\$aMonthly
=336  \\$atext$2rdacontent
=337  \\$aunmediated$2rdamedia
=338  \\$avolume$2rdacarrier
=985  \\$aLDO SERIALS - PLEASE PASS ALL ITEMS RECEIVED TO ISSN UK CENTRE.
=985  \\$aISSN UK Centre note: Example of cover in ISSN file.
=CAT  \\$a11205$b40$c20191106$lBLL01$h1403
=FMT  \\$a  SE
=LAS  \\$a11205$b40$c20191106$lBLL01$h1403
=LET  \0$aLet's talk (Suffolk ed.) (Print)

