=LDR  01072cas a22003018i 4500
=001  019604887
=003  Uk
=005  20230511125832.0
=007  ta
=008  191106c20199999enkar\p\\\\\\\0\\\a0eng\\
=022  0\$a2633-4496$202
=040  \\$aUk$beng$cUk$erda
=222  \4$aThe homeworker$b(Print)
=245  04$aThe homeworker.
=263  \\$a201911
=264  \1$aHigham Ferrers :$bLouise Edmondson
=310  \\$aAnnual
=336  \\$atext$2rdacontent
=337  \\$aunmediated$2rdamedia
=338  \\$avolume$2rdacarrier
=985  \\$aIs the print annual format of online quarterly title The homeworker ISSN 2631-8539. Please add 776 fields when completing ISSN record; Annual print issues are available at https://www.thehomeworker.com/the-homeworker-guide/..
=985  \\$aLDO SERIALS - PLEASE PASS ALL ITEMS RECEIVED TO ISSN UK CENTRE;
=CAT  \\$a7152$b40$c20191106$lBLL01$h1427
=CAT  \\$a11205$b40$c20191106$lBLL01$h1614
=CAT  \\$a3072$b40$c20230511$lBLL01$h1258
=FMT  \\$a  SE
=LAS  \\$a3072$b40$c20230511$lBLL01$h1258
=LET  \4$aThe homeworker (Print)

