=LDR  00731 as a22002658i 4500
=001  019606264
=003  Uk
=005  20191108121832.0
=007  ta
=008  191108c20209999enkwr\p\\\\\\\0\\\a0eng\\
=022  0\$a2633-450X$202
=040  \\$aUk$beng$cUk$erda
=222  \0$aMy Disney library
=245  00$aMy Disney library.
=263  \\$a202002
=264  \1$aLondon :$bHachette Partworks Ltd
=310  \\$aWeekly
=336  \\$atext$2rdacontent
=337  \\$aunmediated$2rdamedia
=338  \\$avolume$2rdacarrier
=985  \\$aLDO SERIALS - PLEASE PASS ALL ITEMS RECEIVED TO ISSN UK CENTRE.
=CAT  \\$a7152$b40$c20191108$lBLL01$h1218
=FMT  \\$a  SE
=LAS  \\$a7152$b40$c20191108$lBLL01$h1218
=LET  \0$aMy Disney library (Print)

