=LDR  00680 as a22002538i 4500
=001  019608665
=003  Uk
=005  20191111111904.0
=007  ta
=008  191111c20209999enkqr\p\\\\\\\0\\\a0eng\\
=022  0\$a2633-4879$202
=040  \\$aUk$beng$cUk$erda
=222  \0$aBewildered
=245  00$aBewildered.
=263  \\$a202009
=264  \1$aColchester :$bCoincidental Press
=310  \\$aQuarterly
=336  \\$atext$2rdacontent
=337  \\$aunmediated$2rdamedia
=338  \\$avolume$2rdacarrier
=985  \\$aLDO SERIALS - PLEASE PASS ALL ITEMS RECEIVED TO ISSN UK CENTRE.
=CAT  \\$a11313$b40$c20191111$lBLL01$h1119
=FMT  \\$a  SE
=LAS  \\$a11313$b40$c20191111$lBLL01$h1119

