=LDR  01296 as a22003258i 4500
=001  019613292
=003  Uk
=005  20210331063108.0
=007  ta
=008  191115c20209999enkmx\p\\\\\\\0\\\a0eng\\
=022  0\$a2633-5379$202
=040  \\$aUk$beng$cUk$erda
=222  \0$aLet's make cards$b(Qualify)
=245  00$aLet's make cards.
=263  \\$a202001
=264  \1$aColchester :$bAceville Publications
=310  \\$aTen issues a year
=336  \\$atext$2rdacontent
=337  \\$aunmediated$2rdamedia
=338  \\$avolume$2rdacarrier
=985  \\$aISSN UK Centre note: see file for info, queried title change as publisher has published a title 'Lets make cards (ISSN 1750-9343) previously which continued as Papercrafter (still current).
=985  \\$aISSN UK Centre: publisher applied for as a change of title from 'Homemaker' (ISSN 2050-5779) ; please add links if necessary/confirmed on issues.
=985  \\$aISSN UK Centre: Please notify Donna on completion.
=985  \\$aLDO SERIALS - PLEASE PASS ALL ITEMS RECEIVED TO ISSN UK CENTRE.
=CAT  \\$a10973$b40$c20191115$lBLL01$h1507
=CAT  \\$a10973$b40$c20191115$lBLL01$h1536
=CAT  \\$a10973$b40$c20210323$lBLL01$h1122
=CAT  \\$a10973$b40$c20210331$lBLL01$h0631
=FMT  \\$a  SE
=LAS  \\$a10973$b40$c20210331$lBLL01$h0631

