=LDR  00854 as a22002778i 4500
=001  019617680
=003  Uk
=005  20191120120525.0
=007  ta
=008  191120c20209999enkmr\p\\\\\\\0\\\a0eng\\
=022  0\$a2633-6170$202
=040  \\$aUk$beng$cUk$erda
=222  \0$aWomen's health$b(Travel ed.)
=245  00$aWomen's health.
=263  \\$a202001
=264  \1$aLondon :$bHearst
=310  \\$aMonthly
=336  \\$atext$2rdacontent
=337  \\$aunmediated$2rdamedia
=338  \\$avolume$2rdacarrier
=985  \\$aTravel edition of: Women's health, ISSN 2049-2243. Please add 787 field, but no LKR as likely to be L7.
=985  \\$aLDO SERIALS - PLEASE PASS ALL ITEMS RECEIVED TO ISSN UK CENTRE.
=CAT  \\$a11205$b40$c20191120$lBLL01$h1205
=FMT  \\$a  SE
=LAS  \\$a11205$b40$c20191120$lBLL01$h1205
=LET  \0$aWomen's health (Travel ed. Print)

