=LDR  00888 as a22002778i 4500
=001  019617848
=003  Uk
=005  20191120155525.0
=007  ta
=008  191120c20209999enkbr\p\\\\\\\0\\\a0eng\\
=022  0\$a2633-6251$202
=040  \\$aUk$beng$cUk$erda
=222  \0$aWorld War II from primary sources$b(Print)
=245  00$aWorld War II from primary sources.
=263  \\$a202003
=264  \1$aStratford Upon Avon :$bCoda Publishing Ltd
=310  \\$aBimonthly
=336  \\$atext$2rdacontent
=337  \\$aunmediated$2rdamedia
=338  \\$avolume$2rdacarrier
=776  08$iAlso issued online as:$tWorld War II from primary sources$x2633-626X
=985  \\$aLDO SERIALS - PLEASE PASS ALL ITEMS RECEIVED TO ISSN UK CENTRE.
=CAT  \\$a11205$b40$c20191120$lBLL01$h1555
=FMT  \\$a  SE
=LAS  \\$a11205$b40$c20191120$lBLL01$h1555
=LET  \0$aWorld War II from primary sources (Print)

