=LDR  00844 as a22002778i 4500
=001  019617858
=003  Uk
=005  20191120160553.0
=007  ta
=008  191120c20209999enkbr\p\\\\\\\0\\\a0eng\\
=022  0\$a2633-6278$202
=040  \\$aUk$beng$cUk$erda
=222  \0$aClassic horror stories$b(Print)
=245  00$aClassic horror stories.
=263  \\$a202003
=264  \1$aStratford Upon Avon :$bCoda Publishing Ltd
=310  \\$aBimonthly
=336  \\$atext$2rdacontent
=337  \\$aunmediated$2rdamedia
=338  \\$avolume$2rdacarrier
=776  08$iAlso issued online as:$tClassic horror stories$x2633-6286
=985  \\$aLDO SERIALS - PLEASE PASS ALL ITEMS RECEIVED TO ISSN UK CENTRE.
=CAT  \\$a11205$b40$c20191120$lBLL01$h1605
=FMT  \\$a  SE
=LAS  \\$a11205$b40$c20191120$lBLL01$h1605
=LET  \0$aClassic horror stories (Print)

