=LDR  02382cas a22005658i 4500
=001  019623440
=003  Uk
=005  20230331171126.0
=007  ta
=008  191126c20209999caubr\p\\\\\\\0\\\a0eng\\
=022  0\$a2633-559X$202
=040  \\$aUk$beng$cUk$erda
=222  \0$aADCES in practice$b(Print)
=245  00$aADCES in practice.
=263  \\$a202001
=264  \1$aThousand Oaks, California :$bSAGE Publishing
=310  \\$aBimonthly
=336  \\$atext$2rdacontent
=337  \\$aunmediated$2rdamedia
=338  \\$avolume$2rdacarrier
=540  \\$aCurrent Copyright Fee: GBP31.92$c0$5Uk
=985  \\$aISSN UK Centre note: C/T from AADE in practice (ISSN 2325-1603) - please add 78X and LKR fields when completing. ISSN UK, 26.11.2019.
=985  \\$aLDO SERIALS - PLEASE PASS ALL ITEMS RECEIVED TO ISSN UK CENTRE.
=985  \\$aPlease link to ISSN 2633-5603 (Online) on completion.
=ACF  \\$aPrevious Copyright Fee: GBP28.80$c0$e01-jul-2020$fGBP28.80$g0$hC$5Uk
=ACF  \\$aPrevious Copyright Fee: GBP26.80$c0$e01-apr-2021$fGBP26.80$g0$hC$5Uk
=ACF  \\$aPrevious Copyright Fee: GBP22.50$c0$e01-jul-2021$fGBP22.50$g0$hC$5Uk
=ACF  \\$aPrevious Copyright Fee: GBP32.00$c0$e01-jan-2022$fGBP32.00$g0$hC$5Uk
=ACF  \\$aBritish Library not licensed to copy$c0$e01-jan-2023$hC$iCFP Excluded$5Uk
=CAT  \\$a11313$b40$c20191126$lBLL01$h0821
=CAT  \\$aBATCH-CLA$b00$c20200529$lBLL01$h1530
=CAT  \\$aIPL-CLA$c20200701$lBLL01$h0126
=CAT  \\$a10806$b40$c20210118$lBLL01$h0900
=CAT  \\$aBATCH-CLA$b00$c20210227$lBLL01$h1009
=CAT  \\$aIPL-CLA$c20210331$lBLL01$h1911
=CAT  \\$aBATCH-CLA$b00$c20210528$lBLL01$h1525
=CAT  \\$aIPL-CLA$c20210704$lBLL01$h1128
=CAT  \\$aBATCH-CLA$b00$c20211203$lBLL01$h0813
=CAT  \\$aIPL-CLA$c20211231$lBLL01$h1737
=CAT  \\$aBATCH-CLA$b00$c20221130$lBLL01$h1432
=CAT  \\$aIPL-CLA$c20221231$lBLL01$h2349
=CAT  \\$aBATCH-CLA$b00$c20230209$lBLL01$h1519
=CAT  \\$aIPL-CLA$c20230210$lBLL01$h0114
=CAT  \\$aBATCH-CLA$b00$c20230314$lBLL01$h1827
=CAT  \\$aIPL-CLA$c20230331$lBLL01$h1711
=CFI  0\$aCurrent Copyright Fee: GBP31.92$c0$e01-apr-2023$fGBP31.92$g0$hC$5Uk
=CFI  2\$aPrevious Copyright Fee: GBP32.00$c0$e09-feb-2023$fGBP32.00$g0$hC$5Uk
=FMT  \\$a  SE
=LAS  \\$aIPL-CLA$b00$c20230331$lBLL01$h1711
=LET  \0$aADCES in practice (Print)

