=LDR  00836 as a22002778i 4500
=001  019625893
=003  Uk
=005  20191127115235.0
=007  ta
=008  191127c20209999enkbr\p\\\\\\\0\\\a0eng\\
=022  0\$a2633-6367$202
=040  \\$aUk$beng$cUk$erda
=222  \0$aAir combat 1939-1945$b(Print)
=245  00$aAir combat 1939-1945.
=263  \\$a202004
=264  \1$aStratford-upon-Avon :$bCoda Publishing Ltd
=310  \\$aBimonthly
=336  \\$atext$2rdacontent
=337  \\$aunmediated$2rdamedia
=338  \\$avolume$2rdacarrier
=776  08$iAlso issued online as:$tAir combat 1939-1945$x2633-6375
=985  \\$aLDO SERIALS - PLEASE PASS ALL ITEMS RECEIVED TO ISSN UK CENTRE.
=CAT  \\$a10806$b40$c20191127$lBLL01$h1152
=FMT  \\$a  SE
=LAS  \\$a10806$b40$c20191127$lBLL01$h1152
=LET  \0$aAir combat 1939-1945 (Print)

