=LDR  00855 as a22002778i 4500
=001  019627336
=003  Uk
=005  20191129103206.0
=007  ta
=008  191129c20209999enkmr\p\\\\\\\0\\\a0eng\\
=022  0\$a2633-6669$202
=040  \\$aUk$beng$cUk$erda
=222  \0$aPuzzleLife family hide & seek jumbo
=245  00$aPuzzleLife family hide & seek jumbo.
=246  3\$aPuzzleLife family hide and seek jumbo
=263  \\$a202004
=264  \1$aLondon :$bStephanie Rodrigues [Keesing Media]
=310  \\$aMonthly
=336  \\$atext$2rdacontent
=337  \\$aunmediated$2rdamedia
=338  \\$avolume$2rdacarrier
=985  \\$aLDO SERIALS - PLEASE PASS ALL ITEMS RECEIVED TO ISSN UK CENTRE.
=CAT  \\$a11205$b40$c20191129$lBLL01$h1032
=FMT  \\$a  SE
=LAS  \\$a11205$b40$c20191129$lBLL01$h1032
=LET  \0$aPuzzleLife family hide & seek jumbo (Print)

