=LDR  00733 as a22002658i 4500
=001  019637455
=003  Uk
=005  20191204144145.0
=007  ta
=008  191204c20199999enkfr\p\\\\\\\0\\\a0eng\\
=022  \\$a2633-4550$202
=040  \\$aUk$beng$cUk$erda
=222  \0$aCruiseLife
=245  00$aCruiseLife.
=263  \\$a201912
=264  \1$aColchester :$bLand & Marine Publications Ltd
=310  \\$aTwo issues yearly
=336  \\$atext$2rdacontent
=337  \\$aunmediated$2rdamedia
=338  \\$avolume$2rdacarrier
=985  \\$aLDO SERIALS - PLEASE PASS ALL ITEMS RECEIVED TO ISSN UK CENTRE.
=CAT  \\$a7152$b40$c20191204$lBLL01$h1441
=FMT  \\$a  SE
=LAS  \\$a7152$b40$c20191204$lBLL01$h1441
=LET  \0$aCruiseLife (Print)

