=LDR  00670 as a22002538i 4500
=001  019638154
=003  Uk
=005  20191205135131.0
=007  ta
=008  191205c20209999enkar\p\\\\\\\0\\\a0eng\\
=022  0\$a2633-6758$202
=040  \\$aUk$beng$cUk$erda
=222  \0$aVOLTO
=245  00$aVOLTO.
=263  \\$a202003
=264  \1$aBath :$bJames Cheadle Media Limited
=310  \\$aAnnual
=336  \\$atext$2rdacontent
=337  \\$aunmediated$2rdamedia
=338  \\$avolume$2rdacarrier
=985  \\$aLDO SERIALS - PLEASE PASS ALL ITEMS RECEIVED TO ISSN UK CENTRE.
=CAT  \\$a10806$b40$c20191205$lBLL01$h1351
=FMT  \\$a  SE
=LAS  \\$a10806$b40$c20191205$lBLL01$h1351

