=LDR  00697 as a22002538i 4500
=001  019643861
=003  Uk
=005  20191211165213.0
=007  ta
=008  191211c20209999enkwr\p\\\\\\\0\\\a0eng\\
=022  0\$a2633-6561$202
=040  \\$aUk$beng$cUk$erda
=222  \4$aThe Hogwarts express
=245  04$aThe Hogwarts express.
=263  \\$a202003
=264  \1$aLondon :$bHachette Partworks Ltd
=310  \\$aWeekly
=336  \\$atext$2rdacontent
=337  \\$aunmediated$2rdamedia
=338  \\$avolume$2rdacarrier
=985  \\$aLDO SERIALS - PLEASE PASS ALL ITEMS RECEIVED TO ISSN UK CENTRE.
=CAT  \\$a10973$b40$c20191211$lBLL01$h1652
=FMT  \\$a  SE
=LAS  \\$a10973$b40$c20191211$lBLL01$h1652

