=LDR  00798 as a22002658i 4500
=001  019645209
=003  Uk
=005  20191213145504.0
=007  ta
=008  191213c20209999enkqr\p\\\\\\\0\\\a0eng\\
=022  0\$a2633-688X$202
=040  \\$aUk$beng$cUk$erda
=222  \0$aProject calm
=245  00$aProject calm.
=263  \\$a202001
=264  \1$aLondon :$bImmediate Media
=310  \\$aQuarterly
=336  \\$atext$2rdacontent
=337  \\$aunmediated$2rdamedia
=338  \\$avolume$2rdacarrier
=985  \\$aISSN UK CENTRE: change of title from 'Wellbeing journal' ISSN 2631-6552. Please add 78X/LKR as required.
=985  \\$aLDO SERIALS - PLEASE PASS ALL ITEMS RECEIVED TO ISSN UK CENTRE.
=CAT  \\$a10973$b40$c20191213$lBLL01$h1455
=FMT  \\$a  SE
=LAS  \\$a10973$b40$c20191213$lBLL01$h1455

