=LDR  00875 as a22002778i 4500
=001  019656695
=003  Uk
=005  20191231101543.0
=007  ta
=008  191231c20209999enkfr\p\\\\\\\0\\\a0eng\\
=022  0\$a2633-4925$202
=040  \\$aUk$beng$cUk$erda
=222  \4$aThe journal of cyber resilience$b(Print)
=245  04$aThe journal of cyber resilience.
=263  \\$a202006
=264  \1$aLondon :$bUniversity of Buckingham Press
=310  \\$aSemiannual
=336  \\$atext$2rdacontent
=337  \\$aunmediated$2rdamedia
=338  \\$avolume$2rdacarrier
=776  08$iAlso issued online as:$tJournal of cyber resilience$x2633-4933
=985  \\$aLDO SERIALS - PLEASE PASS ALL ITEMS RECEIVED TO ISSN UK CENTRE.
=CAT  \\$a10973$b40$c20191231$lBLL01$h1015
=FMT  \\$a  SE
=LAS  \\$a10973$b40$c20191231$lBLL01$h1015
=LET  \4$aThe journal of cyber resilience (Print)

