=LDR  00767 as a22002538i 4500
=001  019656706
=003  Uk
=005  20191231105007.0
=007  ta
=008  191231c20209999enkar\p\\\\\\\0\\\a0eng\\
=022  0\$a2633-4976$202
=040  \\$aUk$beng$cUk$erda
=222  \4$aThe international comparative legal guide to: derivatives
=245  04$aThe international comparative legal guide to: derivatives.
=263  \\$a202005
=264  \1$aLondon :$bGlobal Legal Group
=310  \\$aAnnual
=336  \\$atext$2rdacontent
=337  \\$aunmediated$2rdamedia
=338  \\$avolume$2rdacarrier
=985  \\$aLDO SERIALS - PLEASE PASS ALL ITEMS RECEIVED TO ISSN UK CENTRE.
=CAT  \\$a10973$b40$c20191231$lBLL01$h1050
=FMT  \\$a  SE
=LAS  \\$a10973$b40$c20191231$lBLL01$h1050

