=LDR  00925 as a22002778i 4500
=001  019656754
=003  Uk
=005  20200108154132.0
=007  ta
=008  191231c20209999enker\p\\\\\\\0\\\a0eng\\
=022  0\$a2633-5042$202
=040  \\$aUk$beng$cUk$erda
=222  \0$aQueen the vinyl collection$b(Qualify)
=245  00$aQueen the vinyl collection.
=263  \\$a202003
=264  \1$aLondon :$bHachette Partworks
=310  \\$aFortnightly
=336  \\$atext$2rdacontent
=337  \\$aunmediated$2rdamedia
=338  \\$avolume$2rdacarrier
=985  \\$aISSN UK Centre note: record may need recoding as sounddisc (see Beatles vinyl collection as an example). Any queries please ask in Centre.
=985  \\$aLDO SERIALS - PLEASE PASS ALL ITEMS RECEIVED TO ISSN UK CENTRE.
=CAT  \\$a10973$b40$c20191231$lBLL01$h1206
=CAT  \\$a10973$b40$c20200108$lBLL01$h1541
=FMT  \\$a  SE
=LAS  \\$a10973$b40$c20200108$lBLL01$h1541

