=LDR  00687 as a22002538i 4500
=001  019656774
=003  Uk
=005  20191231123045.0
=007  ta
=008  191231c20209999enkar\p\\\\\\\0\\\a0eng\\
=022  0\$a2633-5085$202
=040  \\$aUk$beng$cUk$erda
=222  \0$aYour kingdom come
=245  00$aYour kingdom come.
=263  \\$a202001
=264  \1$aFolkestone :$bHarbour Church
=310  \\$aAnnual
=336  \\$atext$2rdacontent
=337  \\$aunmediated$2rdamedia
=338  \\$avolume$2rdacarrier
=985  \\$aLDO SERIALS - PLEASE PASS ALL ITEMS RECEIVED TO ISSN UK CENTRE.
=CAT  \\$a10973$b40$c20191231$lBLL01$h1230
=FMT  \\$a  SE
=LAS  \\$a10973$b40$c20191231$lBLL01$h1230

