=LDR  00742 as a22002538i 4500
=001  019663152
=003  Uk
=005  20201012102745.0
=007  ta
=008  200106c20219999enkqr\p\\\\\\\0\\\a0eng\\
=022  0\$a2633-7207$202
=040  \\$aUk$beng$cUk$erda
=222  \0$aFirst edition short stories magazine
=245  00$aFirst edition short stories magazine.
=263  \\$a202103
=264  \1$aColehill :$bJ. Webb
=336  \\$atext$2rdacontent
=337  \\$aunmediated$2rdamedia
=338  \\$avolume$2rdacarrier
=985  \\$aLDO SERIALS - PLEASE PASS ALL ITEMS RECEIVED TO ISSN UK CENTRE.
=CAT  \\$a11313$b40$c20200106$lBLL01$h1030
=CAT  \\$a11130$b40$c20201012$lBLL01$h1027
=FMT  \\$a  SE
=LAS  \\$a11130$b40$c20201012$lBLL01$h1027

