=LDR  01028 as a22002898i 4500
=001  019667603
=003  Uk
=005  20200331213832.0
=007  ta
=008  200108c20209999enkar\p\\\\\\\0\\\a0eng\\
=022  0\$a2633-7274$202
=040  \\$aUk$beng$cUk$erda
=222  \4$aThe journal of contemporary study of Islam$b(Print)
=245  04$aThe journal of contemporary study of Islam.
=263  \\$a202012
=264  \1$aLondon :$bInstitute for Contemporary Study of Islam
=310  \\$aAnnual
=336  \\$atext$2rdacontent
=337  \\$aunmediated$2rdamedia
=338  \\$avolume$2rdacarrier
=985  \\$aISSN UK Centre note: annual print cumulation of quarterly online resource. Please add 787 links to both records on completion.
=985  \\$aLDO SERIALS - PLEASE PASS ALL ITEMS RECEIVED TO ISSN UK CENTRE.
=CAT  \\$a10973$b40$c20200108$lBLL01$h0959
=CAT  \\$a10973$b40$c20200331$lBLL01$h2138
=FMT  \\$a  SE
=LAS  \\$a10973$b40$c20200331$lBLL01$h2138
=LET  \4$aThe journal of contemporary study of Islam (Print)

