=LDR  00778 as a22002658i 4500
=001  019668040
=003  Uk
=005  20200108162855.0
=007  ta
=008  200108c20209999enkmr\p\\\\\\\0\\\a0eng\\
=022  0\$a2633-7460$202
=040  \\$aUk$beng$cUk$erda
=222  \0$aMoji Pops official magazine
=245  00$aMoji Pops official magazine.
=263  \\$a202004
=264  \1$aGrayshott, Surrey :$bDJ Murphy (Publishers) Ltd
=310  \\$aMonthly
=336  \\$atext$2rdacontent
=337  \\$aunmediated$2rdamedia
=338  \\$avolume$2rdacarrier
=985  \\$aLDO SERIALS - PLEASE PASS ALL ITEMS RECEIVED TO ISSN UK CENTRE.
=CAT  \\$a11205$b40$c20200108$lBLL01$h1628
=FMT  \\$a  SE
=LAS  \\$a11205$b40$c20200108$lBLL01$h1628
=LET  \0$aMoji Pops official magazine(Print)

