=LDR  00680 as a22002538i 4500
=001  019672639
=003  Uk
=005  20200113140000.0
=007  ta
=008  200113c20209999enkwr\n\\\\\\\0\\\a0eng\\
=022  0\$a2633-7517$202
=040  \\$aUk$beng$cUk$erda
=222  \0$aCommunities news
=245  00$aCommunities news.
=263  \\$a202002
=264  \1$aLondon :$bTariq Mahmood
=310  \\$aWeekly
=336  \\$atext$2rdacontent
=337  \\$aunmediated$2rdamedia
=338  \\$avolume$2rdacarrier
=985  \\$aLDO SERIALS - PLEASE PASS ALL ITEMS RECEIVED TO ISSN UK CENTRE.
=CAT  \\$a10806$b40$c20200113$lBLL01$h1400
=FMT  \\$a  SE
=LAS  \\$a10806$b40$c20200113$lBLL01$h1400

