=LDR  00819 as a22002658i 4500
=001  019672921
=003  Uk
=005  20200114084142.0
=007  ta
=008  200114c20209999enkar\p\\\\\\\0\\\a0eng\\
=022  0\$a2633-7541$202
=040  \\$aUk$beng$cUk$erda
=222  \4$aThe international comparative legal guide to: consumer protection
=245  04$aThe international comparative legal guide to: consumer protection.
=246  30$aConsumer protection
=263  \\$a202005
=264  \1$aLondon :$bGlobal Legal Group
=310  \\$aAnnual
=336  \\$atext$2rdacontent
=337  \\$aunmediated$2rdamedia
=338  \\$avolume$2rdacarrier
=985  \\$aLDO SERIALS - PLEASE PASS ALL ITEMS RECEIVED TO ISSN UK CENTRE.
=CAT  \\$a10806$b40$c20200114$lBLL01$h0841
=FMT  \\$a  SE
=LAS  \\$a10806$b40$c20200114$lBLL01$h0841

