=LDR  00924 as a22002898i 4500
=001  019674644
=003  Uk
=005  20200115113206.0
=007  ta
=008  200115c20209999enkqr\p\\\\\\\0\\\a0eng\\
=022  0\$a2633-5115$202
=040  \\$aUk$beng$cUk$erda
=222  \0$aReiki world$b(Print)
=245  00$aReiki world.
=263  \\$a202002
=264  \1$aCroydon :$bUK Reiki Federation
=310  \\$aQuarterly
=336  \\$atext$2rdacontent
=337  \\$aunmediated$2rdamedia
=338  \\$avolume$2rdacarrier
=776  08$iAlso issued online as:$tReiki world$x2633-5123
=985  \\$aChange of title from: Resonance (Ludgershall. Print) ISSN 2633-3465. Please make relevant 7xx links when completing ISSN.
=985  \\$aLDO SERIALS - PLEASE PASS ALL ITEMS RECEIVED TO ISSN UK CENTRE.
=CAT  \\$a7152$b40$c20200115$lBLL01$h1132
=FMT  \\$a  SE
=LAS  \\$a7152$b40$c20200115$lBLL01$h1132
=LET  \0$aReiki world (Print)

