=LDR  00681 as a22002658i 4500
=001  019675604
=003  Uk
=005  20200116104632.0
=007  ta
=008  200116c20209999enkar\p\\\\\\\0\\\a0eng\\
=022  0\$a2633-7908$202
=040  \\$aUk$beng$cUk$erda
=222  \0$aBBYTTH
=245  00$aBBYTTH
=246  3\$aBaby teeth
=263  \\$a202001
=264  \1$aLondon :$bL Morlet
=310  \\$aAnnual
=336  \\$atext$2rdacontent
=337  \\$aunmediated$2rdamedia
=338  \\$avolume$2rdacarrier
=985  \\$aLDO SERIALS - PLEASE PASS ALL ITEMS RECEIVED TO ISSN UK CENTRE.
=CAT  \\$a10973$b40$c20200116$lBLL01$h1046
=FMT  \\$a  SE
=LAS  \\$a10973$b40$c20200116$lBLL01$h1046

