=LDR  00860 as a22002898i 4500
=001  019684107
=003  Uk
=005  20201007163233.0
=007  ta
=008  200122c20229999enkmr\p\\\\\\\0\\\a0eng\\
=022  0\$a2633-7851$202
=040  \\$aUk$beng$cUk$erda
=222  \0$aRenewable futures$b(Print)
=245  00$aRenewable futures.
=263  \\$a202210
=264  \1$aNewbury :$bDr Paul K. Hatchwell
=310  \\$aMonthly
=336  \\$atext$2rdacontent
=337  \\$aunmediated$2rdamedia
=338  \\$avolume$2rdacarrier
=776  08$iAlso issued online as:$tRenewable futures$x2633-786X
=985  \\$aLDO SERIALS - PLEASE PASS ALL ITEMS RECEIVED TO ISSN UK CENTRE.
=CAT  \\$a11205$b40$c20200122$lBLL01$h1608
=CAT  \\$a11130$b40$c20201007$lBLL01$h1632
=FMT  \\$a  SE
=LAS  \\$a11130$b40$c20201007$lBLL01$h1632
=LET  \0$aRenewable futures (Print)

