=LDR  00855 as a22002778i 4500
=001  019684632
=003  Uk
=005  20200123094210.0
=007  ta
=008  200123c20209999enkqr\p\\\\\\\0\\\a0eng\\
=022  0\$a2633-7886$202
=040  \\$aUk$beng$cUk$erda
=222  \0$aIndia quarterly Hindi journal$b(Print)
=245  00$aIndia quarterly Hindi journal.
=263  \\$a202001
=264  \1$aLondon :$bSAGE Publishing
=310  \\$aQuarterly
=336  \\$atext$2rdacontent
=337  \\$aunmediated$2rdamedia
=338  \\$avolume$2rdacarrier
=776  08$iAlso issued online as:$tIndia quarterly Hindi journal$x2633-7894
=985  \\$aLDO SERIALS - PLEASE PASS ALL ITEMS RECEIVED TO ISSN UK CENTRE.
=CAT  \\$a10806$b40$c20200123$lBLL01$h0942
=FMT  \\$a  SE
=LAS  \\$a10806$b40$c20200123$lBLL01$h0942
=LET  \0$aIndia quarterly Hindi journal (Print)

