=LDR  00894 as a22002778i 4500
=001  019687961
=003  Uk
=005  20201012110841.0
=007  ta
=008  200127c20219999enkuu\p\\\\\\\0\\\a0eng\\
=022  0\$a2633-8416$202
=040  \\$aUk$beng$cUk$erda
=222  \0$aReal-life my idea
=245  00$aReal-life my idea.
=263  \\$a202106
=264  \1$aWilmslow, Cheshire :$bSacha Atherton
=336  \\$atext$2rdacontent
=337  \\$aunmediated$2rdamedia
=338  \\$avolume$2rdacarrier
=985  \\$aLDO SERIALS - PLEASE PASS ALL ITEMS RECEIVED TO ISSN UK CENTRE.
=985  \\$aResponse to claim - published via Amazon KDP - still planning to publish in print but not soon (Richard, 12/10/20)
=CAT  \\$a10806$b40$c20200127$lBLL01$h1048
=CAT  \\$a10806$b40$c20201012$lBLL01$h1108
=FMT  \\$a  SE
=LAS  \\$a10806$b40$c20201012$lBLL01$h1108
=LET  \0$aReal-life my idea (Print)

