=LDR  01563cas a22003858i 4500
=001  019687962
=003  Uk
=005  20230210011458.0
=007  ta
=008  200127c20219999enk\x\p\\\\\\\0\\\a0eng\\
=022  0\$a2633-8173$202
=040  \\$aUk$beng$cUk$erda
=222  \0$aElements in microwave, radar, and wireless technologies$b(Print)
=245  00$aElements in microwave, radar, and wireless technologies.
=263  \\$a202101
=264  \1$aCambridge :$bCambridge University Press
=336  \\$atext$2rdacontent
=337  \\$aunmediated$2rdamedia
=338  \\$avolume$2rdacarrier
=540  \\$aCurrent Copyright Fee: GBP22.50$c0$5Uk
=776  08$iAlso issued online as:$tElements in microwave, radar, and wireless technologies$x2633-8181
=985  \\$aLDO SERIALS - PLEASE PASS ALL ITEMS RECEIVED TO ISSN UK CENTRE.
=ACF  \\$aPrevious Copyright Fee: GBP22.50$c0$e01-oct-2021$fGBP22.50$g0$hC$5Uk
=CAT  \\$a11313$b40$c20200127$lBLL01$h1048
=CAT  \\$aBATCH-CLA$b00$c20210917$lBLL01$h1606
=CAT  \\$aIPL-CLA$c20210930$lBLL01$h1659
=CAT  \\$aBATCH-CLA$b00$c20221130$lBLL01$h1450
=CAT  \\$aIPL-CLA$c20221231$lBLL01$h2350
=CAT  \\$aBATCH-CLA$b00$c20230209$lBLL01$h1537
=CAT  \\$aIPL-CLA$c20230210$lBLL01$h0114
=CFI  0\$aCurrent Copyright Fee: GBP22.50$c0$e09-feb-2023$fGBP22.50$g0$hC$5Uk
=CFI  2\$aBritish Library not licensed to copy$c0$e01-jan-2023$hC$iCFP Excluded$5Uk
=FMT  \\$a  SE
=LAS  \\$aIPL-CLA$b00$c20230210$lBLL01$h0114
=LET  \0$aElements in microwave, radar, and wireless technologies (Print)

