=LDR  00892 as a22002778i 4500
=001  019705368
=003  Uk
=005  20200205085220.0
=007  ta
=008  200205c20209999enkuu\m\\\\\\\0\\\a0eng\\
=022  0\$a2633-8599$202
=040  \\$aUk$beng$cUk$erda
=222  \0$aReligion in late antiquity$b(Print)
=245  00$aReligion in late antiquity :$belements.
=263  \\$a202010
=264  \1$aCambridge :$bCambridge University Press
=336  \\$atext$2rdacontent
=337  \\$aunmediated$2rdamedia
=338  \\$avolume$2rdacarrier
=776  08$iAlso issued online as:$tReligion in late antiquity$x2633-8602
=985  \\$aLDO SERIALS - PLEASE PASS ALL ITEMS RECEIVED TO ISSN UK CENTRE.
=CAT  \\$a10806$b40$c20200205$lBLL01$h0847
=CAT  \\$a10806$b40$c20200205$lBLL01$h0852
=FMT  \\$a  SE
=LAS  \\$a10806$b40$c20200205$lBLL01$h0852
=LET  \0$aReligion in late antiquity (Print)

