=LDR  00817 as a22002898i 4500
=001  019705382
=003  Uk
=005  20201013142751.0
=007  ta
=008  200205c20219999enkuu\p\\\\\\\0\\\a0eng\\
=022  0\$a2633-8610$202
=040  \\$aUk$beng$cUk$erda
=222  \0$aFilter paper
=245  00$aFilter paper.
=263  \\$a202104
=264  \1$aLondon :$bUnited Baristas
=336  \\$atext$2rdacontent
=337  \\$aunmediated$2rdamedia
=338  \\$avolume$2rdacarrier
=985  \\$aWill need 130.
=985  \\$aLDO SERIALS - PLEASE PASS ALL ITEMS RECEIVED TO ISSN UK CENTRE.
=CAT  \\$a10806$b40$c20200205$lBLL01$h0910
=CAT  \\$a10806$b40$c20200205$lBLL01$h0911
=CAT  \\$a11130$b40$c20201013$lBLL01$h1427
=FMT  \\$a  SE
=LAS  \\$a11130$b40$c20201013$lBLL01$h1427
=LET  \0$aFilter paper (Print)

