=LDR  01210 as a22003138i 4500
=001  019712138
=003  Uk
=005  20201105115600.0
=007  ta
=008  200212c20209999enkar\p\\\\\\\0\\\a0eng\\
=022  0\$a2633-8750$202
=040  \\$aUk$beng$cUk$erda
=222  \0$aAcute kidney injury (AKI) in England$b(Print)
=245  00$aAcute kidney injury (AKI) in England.
=263  \\$a202003
=264  \1$aBristol :$bThe Renal Assocation
=310  \\$aAnnual
=336  \\$atext$2rdacontent
=337  \\$aunmediated$2rdamedia
=338  \\$avolume$2rdacarrier
=985  \\$aLDO SERIALS - PLEASE PASS ALL ITEMS RECEIVED TO ISSN UK CENTRE.
=985  \\$aOnline version completed - now checking if we can suppress this print record - email reply to publisher sent 02/11/20 (Richard, Leeds). UPDATE - need to check again late 2021 - cannot rule out print copy of 2019 data (online version was 2018 data).
=CAT  \\$a11205$b40$c20200212$lBLL01$h1136
=CAT  \\$a10806$b40$c20201102$lBLL01$h0944
=CAT  \\$a10806$b40$c20201102$lBLL01$h0945
=CAT  \\$a10806$b40$c20201105$lBLL01$h1156
=FMT  \\$a  SE
=LAS  \\$a10806$b40$c20201105$lBLL01$h1156
=LET  \0$aAcute kidney injury (AKI) in England (Print)

