=LDR  00761 as a22002778i 4500
=001  019712152
=003  Uk
=005  20200212115101.0
=007  ta
=008  200212c20209999enkar\p\\\\\\\0\\\a0eng\\
=022  0\$a2633-8777$202
=040  \\$aUk$beng$cUk$erda
=222  \0$aUK ports ...
=245  00$aUK ports ...
=246  3\$aUnited Kingdom ports
=263  \\$a202003
=264  \1$aDownham Market :$bCompass Handbooks Limited
=310  \\$aAnnual
=336  \\$atext$2rdacontent
=337  \\$aunmediated$2rdamedia
=338  \\$avolume$2rdacarrier
=985  \\$aLDO SERIALS - PLEASE PASS ALL ITEMS RECEIVED TO ISSN UK CENTRE.
=CAT  \\$a11205$b40$c20200212$lBLL01$h1151
=FMT  \\$a  SE
=LAS  \\$a11205$b40$c20200212$lBLL01$h1151
=LET  \0$aUK ports (Print)

