=LDR  00733 as a22002658i 4500
=001  019713337
=003  Uk
=005  20200213163701.0
=007  ta
=008  200213c20209999enkmr\p\\\\\\\0\\\a0eng\\
=022  0\$a2633-9145$202
=040  \\$aUk$beng$cUk$erda
=222  \0$aRover rover
=245  00$aRover rover.
=263  \\$a202004
=264  \1$aBuckshaw Village, Lancashire :$bMatthew Fairhurst
=310  \\$aMonthly
=336  \\$atext$2rdacontent
=337  \\$aunmediated$2rdamedia
=338  \\$avolume$2rdacarrier
=985  \\$aLDO SERIALS - PLEASE PASS ALL ITEMS RECEIVED TO ISSN UK CENTRE.
=CAT  \\$a11205$b40$c20200213$lBLL01$h1637
=FMT  \\$a  SE
=LAS  \\$a11205$b40$c20200213$lBLL01$h1637
=LET  \0$aRover rover (Print)

