=LDR  00767 as a22002658i 4500
=001  019716211
=003  Uk
=005  20201013161017.0
=007  ta
=008  200217c20219999enkwr\n\\\\\\\0\\\a0eng\\
=022  0\$a2633-9730$202
=040  \\$aUk$beng$cUk$erda
=222  \0$aCumberland & Westmorland gazette
=245  00$aCumberland & Westmorland gazette.
=263  \\$a202110
=264  \1$aCarlisle :$bNewsquest Cumbria
=310  \\$aWeekly
=336  \\$atext$2rdacontent
=337  \\$aunmediated$2rdamedia
=338  \\$avolume$2rdacarrier
=985  \\$aLDO SERIALS - PLEASE PASS ALL ITEMS RECEIVED TO ISSN UK CENTRE.
=CAT  \\$a11313$b40$c20200217$lBLL01$h1330
=CAT  \\$a11130$b40$c20201013$lBLL01$h1610
=FMT  \\$a  SE
=LAS  \\$a11130$b40$c20201013$lBLL01$h1610

