=LDR  00840 as a22002898i 4500
=001  019722749
=003  Uk
=005  20200221151014.0
=007  ta
=008  200221c20209999enktr\p\\\\\\\0\\\a0eng\\
=022  0\$a2633-9919$202
=040  \\$aUk$beng$cUk$erda
=222  \0$aW+K Basement$b(Print)
=245  00$aW+K Basement.
=246  3\$aWieden and Kennedy Basement
=263  \\$a202003
=264  \1$aLondon :$bWieden+Kennedy
=310  \\$aThree issues yearly
=336  \\$atext$2rdacontent
=337  \\$aunmediated$2rdamedia
=338  \\$avolume$2rdacarrier
=776  08$iAlso issued online as:$tW+K Basement$x2633-9927
=985  \\$aLDO SERIALS - PLEASE PASS ALL ITEMS RECEIVED TO ISSN UK CENTRE.
=CAT  \\$a11313$b40$c20200221$lBLL01$h1510
=FMT  \\$a  SE
=LAS  \\$a11313$b40$c20200221$lBLL01$h1510
=LET  \0$aW+K Basement (Print)

