=LDR  01139 as a22003018i 4500
=001  019724045
=003  Uk
=005  20200224120433.0
=007  ta
=008  200224c20209999enkar\p\\\\\\\0\\\a0eng\\
=022  0\$a2633-9544$202
=040  \\$aUk$beng$cUk$erda
=222  \0$aJournal of China in global and comparative perspectives$b(Print)
=245  00$aJournal of China in global and comparative perspectives.
=263  \\$a202010
=264  \1$aLondon :$bGlobal Century Press
=310  \\$aAnnual
=336  \\$atext$2rdacontent
=337  \\$aunmediated$2rdamedia
=338  \\$avolume$2rdacarrier
=776  08$iAlso issued online as:$tJournal of China in global and comparative perspectives$x2633-9552
=985  \\$aLDO SERIALS - PLEASE PASS ALL ITEMS RECEIVED TO ISSN UK CENTRE.
=985  \\$aC/T from ISSN 2040-0837 Journal of China in comparative perspective. Please link on completion.
=CAT  \\$a10806$b40$c20200224$lBLL01$h1157
=CAT  \\$a10806$b40$c20200224$lBLL01$h1204
=FMT  \\$a  SE
=LAS  \\$a10806$b40$c20200224$lBLL01$h1204
=LET  \0$aJournal of China in global and comparative perspectives (English edition. Print)

