=LDR  01160 as a22003018i 4500
=001  019724053
=003  Uk
=005  20200224130706.0
=007  ta
=008  200224c20209999enkar\p\\\\\\\0\\\a0chi\\
=022  0\$a2633-9560$202
=040  \\$aUk$beng$cUk$erda
=222  \0$aJournal of China in global and comparative perspectives$b(Chinese ed. Print)
=245  00$aJournal of China in global and comparative perspectives.
=263  \\$a202010
=264  \1$aLondon :$bGlobal Century Press
=310  \\$aAnnual
=336  \\$atext$2rdacontent
=337  \\$aunmediated$2rdamedia
=338  \\$avolume$2rdacarrier
=776  08$iAlso issued online as:$tJournal of China in global and comparative perspectives$x2633-9579
=985  \\$aLDO SERIALS - PLEASE PASS ALL ITEMS RECEIVED TO ISSN UK CENTRE.
=985  \\$aC/T from ISSN 2633-948X Journal of China in comparative perspective (Chinese edition). Please add links.
=CAT  \\$a10806$b40$c20200224$lBLL01$h1216
=CAT  \\$a10806$b40$c20200224$lBLL01$h1307
=FMT  \\$a  SE
=LAS  \\$a10806$b40$c20200224$lBLL01$h1307
=LET  \0$aJournal of China in global and comparative perspectives (Chinese edition. Print)

