=LDR  01055 as a22002898i 4500
=001  019724565
=003  Uk
=005  20200225135100.0
=007  ta
=008  200225c20209999enkgr\p\\\\\\\0\\\a0eng\\
=022  0\$a2633-9617$202
=040  \\$aUk$beng$cUk$erda
=222  \0$aJournal of corpus approach to Chinese social science$b(Print)
=245  00$aJournal of corpus approach to Chinese social science.
=263  \\$a202009
=264  \1$aLondon :$bGlobal Century Press
=310  \\$aBiennial
=336  \\$atext$2rdacontent
=337  \\$aunmediated$2rdamedia
=338  \\$avolume$2rdacarrier
=776  08$iAlso issued online as:$tJournal of corpus approach to Chinese social science$x2633-9625
=985  \\$aLDO SERIALS - PLEASE PASS ALL ITEMS RECEIVED TO ISSN UK CENTRE.
=985  \\$aCheck language of resource on completion and update 008 33/35-37 as necessary (Richard)
=CAT  \\$a10806$b40$c20200225$lBLL01$h1351
=FMT  \\$a  SE
=LAS  \\$a10806$b40$c20200225$lBLL01$h1351
=LET  \0$aJournal of corpus approach to Chinese social science (Print)

