=LDR  01477cas a22003978i 4500
=001  019724682
=003  Uk
=005  20230210011500.0
=007  ta
=008  200225c20209999enkqx\p\\\\\\\0\\\a0eng\\
=022  0\$a2634-0151$202
=040  \\$aUk$beng$cUk$erda
=222  \0$aNew Scientist essential guide$b(Print)
=245  00$aNew Scientist essential guide.
=263  \\$a202004
=264  \1$aLondon :$bNew Scientist
=310  \\$aFive times a year
=336  \\$atext$2rdacontent
=337  \\$aunmediated$2rdamedia
=338  \\$avolume$2rdacarrier
=540  \\$aCurrent Copyright Fee: GBP25.00$c0$5Uk
=776  08$iAlso issued online as:$tNew Scientist essential guide$x2634-016X
=985  \\$aLDO SERIALS - PLEASE PASS ALL ITEMS RECEIVED TO ISSN UK CENTRE.
=ACF  \\$aPrevious Copyright Fee: GBP22.50$c0$e01-jul-2022$fGBP22.50$g0$hC$5Uk
=CAT  \\$a10806$b40$c20200225$lBLL01$h1515
=CAT  \\$aBATCH-CLA$b00$c20220601$lBLL01$h1543
=CAT  \\$aIPL-CLA$c20220630$lBLL01$h1732
=CAT  \\$aBATCH-CLA$b00$c20221130$lBLL01$h1429
=CAT  \\$aIPL-CLA$c20221231$lBLL01$h2350
=CAT  \\$aBATCH-CLA$b00$c20230209$lBLL01$h1516
=CAT  \\$aIPL-CLA$c20230210$lBLL01$h0115
=CFI  0\$aCurrent Copyright Fee: GBP25.00$c0$e09-feb-2023$fGBP25.00$g0$hC$5Uk
=CFI  2\$aBritish Library not licensed to copy$c0$e01-jan-2023$hC$iCFP Excluded$5Uk
=FMT  \\$a  SE
=LAS  \\$aIPL-CLA$b00$c20230210$lBLL01$h0115
=LET  \0$aNew Scientist essential guide (Print)

