=LDR  00850 as a22002778i 4500
=001  019727661
=003  Uk
=005  20200226154121.0
=007  ta
=008  200226c20209999enkfr\p\\\\\\\0\\\a0eng\\
=022  0\$a2634-0240$202
=040  \\$aUk$beng$cUk$erda
=222  \0$aVirtual exhibition magazine$b(Print)
=245  00$aVirtual exhibition magazine.
=263  \\$a202003
=264  \1$aKidderminster :$bDMA Europa
=310  \\$aSemiannual
=336  \\$atext$2rdacontent
=337  \\$aunmediated$2rdamedia
=338  \\$avolume$2rdacarrier
=776  08$iAlso issued online as:$tVirtual exhibition magazine$x2634-0259
=985  \\$aLDO SERIALS - PLEASE PASS ALL ITEMS RECEIVED TO ISSN UK CENTRE.
=CAT  \\$a11205$b40$c20200226$lBLL01$h1541
=FMT  \\$a  SE
=LAS  \\$a11205$b40$c20200226$lBLL01$h1541
=LET  \0$aVirtual exhibition magazine (Print)

