=LDR  00753 as a22002538i 4500
=001  019728015
=003  Uk
=005  20200227075407.0
=007  ta
=008  200227c20209999enkar\p\\\\\\\0\\\a0eng\\
=022  0\$a2634-0011$202
=040  \\$aUk$beng$cUk$erda
=222  \0$aGrand National Record souvenir special
=245  00$aGrand National Record souvenir special.
=263  \\$a202003
=264  \1$aLiverpool :$bTrinity Mirror North West & North Wales
=310  \\$aAnnual
=336  \\$atext$2rdacontent
=337  \\$aunmediated$2rdamedia
=338  \\$avolume$2rdacarrier
=985  \\$aLDO SERIALS - PLEASE PASS ALL ITEMS RECEIVED TO ISSN UK CENTRE.
=CAT  \\$a11313$b40$c20200227$lBLL01$h0754
=FMT  \\$a  SE
=LAS  \\$a11313$b40$c20200227$lBLL01$h0754

