=LDR  00777 as a22002658i 4500
=001  019728880
=003  Uk
=005  20200228110957.0
=007  ta
=008  200228c20209999enkqr\p\\\\\\\0\\\a0eng\\
=022  0\$a2634-0372$202
=040  \\$aUk$beng$cUk$erda
=222  \0$aQ-zebra
=245  00$aQ-zebra.
=263  \\$a202003
=264  \1$aLondon :$bInno-Media Ltd
=310  \\$aQuarterly
=336  \\$atext$2rdacontent
=337  \\$aunmediated$2rdamedia
=338  \\$avolume$2rdacarrier
=985  \\$aISSN UK Centre: related to 'The Chinese weekly' (ISSN 2045-0796), please add 78X as necessary.
=985  \\$aLDO SERIALS - PLEASE PASS ALL ITEMS RECEIVED TO ISSN UK CENTRE.
=CAT  \\$a10973$b40$c20200228$lBLL01$h1109
=FMT  \\$a  SE
=LAS  \\$a10973$b40$c20200228$lBLL01$h1109

