=LDR  00696 as a22002538i 4500
=001  019729030
=003  Uk
=005  20200228155720.0
=007  ta
=008  200228c20209999enkmr\p\\\\\\\0\\\a0eng\\
=022  0\$a2634-0402$202
=040  \\$aUk$beng$cUk$erda
=222  \0$aCulinary collections
=245  00$aCulinary collections.
=263  \\$a202004
=264  \1$aLondon :$bAmaze Zing Media Ltd
=310  \\$aMonthly
=336  \\$atext$2rdacontent
=337  \\$aunmediated$2rdamedia
=338  \\$avolume$2rdacarrier
=985  \\$aLDO SERIALS - PLEASE PASS ALL ITEMS RECEIVED TO ISSN UK CENTRE.
=CAT  \\$a10973$b40$c20200228$lBLL01$h1557
=FMT  \\$a  SE
=LAS  \\$a10973$b40$c20200228$lBLL01$h1557

