=LDR  00670 as a22002538i 4500
=001  019729033
=003  Uk
=005  20200228160239.0
=007  ta
=008  200228c20209999enkfr\p\\\\\\\0\\\a0eng\\
=022  0\$a2634-0429$202
=040  \\$aUk$beng$cUk$erda
=222  \0$aStonewaller
=245  00$aStonewaller.
=263  \\$a202003
=264  \1$aFalkirk :$bS. Kelly
=310  \\$aSemiannual
=336  \\$atext$2rdacontent
=337  \\$aunmediated$2rdamedia
=338  \\$avolume$2rdacarrier
=985  \\$aLDO SERIALS - PLEASE PASS ALL ITEMS RECEIVED TO ISSN UK CENTRE.
=CAT  \\$a10973$b40$c20200228$lBLL01$h1602
=FMT  \\$a  SE
=LAS  \\$a10973$b40$c20200228$lBLL01$h1602

