=LDR  00747 as a22002658i 4500
=001  019739708
=003  Uk
=005  20200304143905.0
=007  ta
=008  200304c20209999enkwr\n\\\\\\\0\\\a0eng\\
=022  0\$a2634-0550$202
=040  \\$aUk$beng$cUk$erda
=222  \0$aAylesbury free press
=245  00$aAylesbury free press.
=263  \\$a202004
=264  \1$aHigh Wycombe :$bNewsquest Media Group
=310  \\$aWeekly
=336  \\$atext$2rdacontent
=337  \\$aunmediated$2rdamedia
=338  \\$avolume$2rdacarrier
=985  \\$aLDO SERIALS - PLEASE PASS ALL ITEMS RECEIVED TO ISSN UK CENTRE.
=CAT  \\$a11205$b40$c20200304$lBLL01$h1439
=FMT  \\$a  SE
=LAS  \\$a11205$b40$c20200304$lBLL01$h1439
=LET  \0$aAylesbury free press (Print)

