=LDR  00985 as a22002778i 4500
=001  019740037
=003  Uk
=005  20200305085320.0
=007  ta
=008  200305c20209999stkfr\p\\\\\\\0\\\a0eng\\
=022  0\$a2634-0127$202
=040  \\$aUk$beng$cUk$erda
=222  \0$aJournal of the Remote Healthcare Association
=245  00$aJournal of the Remote Healthcare Association.
=263  \\$a202005
=264  \1$aAberdeen :$bN. Norman
=310  \\$aSemiannual
=336  \\$atext$2rdacontent
=337  \\$aunmediated$2rdamedia
=338  \\$avolume$2rdacarrier
=985  \\$aISSN UK Centre note: C/T from Journal of the Institute of Remore Health Care, ISSN 2055-1894. Please add 78X and LKR fields when completing. ISSN UK, 05.03.2020.
=985  \\$aLDO SERIALS - PLEASE PASS ALL ITEMS RECEIVED TO ISSN UK CENTRE.
=CAT  \\$a11313$b40$c20200305$lBLL01$h0853
=FMT  \\$a  SE
=LAS  \\$a11313$b40$c20200305$lBLL01$h0853
=LET  \0$aJournal of the Remote Healthcare Association (Print)

