=LDR  00706 as a22002658i 4500
=001  019740039
=003  Uk
=005  20200305090417.0
=007  ta
=008  200305c20209999enkfr\p\\\\\\\0\\\a0eng\\
=022  0\$a2634-0135$202
=040  \\$aUk$beng$cUk$erda
=222  \0$aEspy$b(Qualify)
=245  00$aEspy.
=263  \\$a202003
=264  \1$aBirmingham :$bA. Ivanauskaite
=310  \\$aSemiannual
=336  \\$atext$2rdacontent
=337  \\$aunmediated$2rdamedia
=338  \\$avolume$2rdacarrier
=985  \\$aLDO SERIALS - PLEASE PASS ALL ITEMS RECEIVED TO ISSN UK CENTRE.
=CAT  \\$a11313$b40$c20200305$lBLL01$h0904
=FMT  \\$a  SE
=LAS  \\$a11313$b40$c20200305$lBLL01$h0904
=LET  \0$aEspy (Print)

