=LDR  00806 as a22002658i 4500
=001  019740529
=003  Uk
=005  20200306114735.0
=007  ta
=008  200306c20209999enkmr\p\\\\\\\0\\\a0eng\\
=022  0\$a2634-0674$202
=040  \\$aUk$beng$cUk$erda
=222  \0$aPuzzleLife puzzlepad wordsearch hide & seek
=245  00$aPuzzleLife puzzlepad wordsearch hide & seek.
=263  \\$a202007
=264  \1$aLondon :$bKeesing Media UK
=310  \\$aMonthly
=336  \\$atext$2rdacontent
=337  \\$aunmediated$2rdamedia
=338  \\$avolume$2rdacarrier
=985  \\$aLDO SERIALS - PLEASE PASS ALL ITEMS RECEIVED TO ISSN UK CENTRE.
=CAT  \\$a11313$b40$c20200306$lBLL01$h1147
=FMT  \\$a  SE
=LAS  \\$a11313$b40$c20200306$lBLL01$h1147
=LET  \0$aPuzzleLife puzzlepad wordsearch hide & seek (Print)

