=LDR  00697 as a22002538i 4500
=001  019740727
=003  Uk
=005  20200306165637.0
=007  ta
=008  200306c20209999enkqr\p\\\\\\\0\\\a0eng\\
=022  0\$a2634-064X$202
=040  \\$aUk$beng$cUk$erda
=222  \0$aRoyal$b(Qualify. 2020)
=245  00$aRoyal.
=263  \\$a202003
=264  \1$aStratford Upon Avon :$bCoda Publishing Ltd
=310  \\$aQuarterly
=336  \\$atext$2rdacontent
=337  \\$aunmediated$2rdamedia
=338  \\$avolume$2rdacarrier
=985  \\$aLDO SERIALS - PLEASE PASS ALL ITEMS RECEIVED TO ISSN UK CENTRE.
=CAT  \\$a10973$b40$c20200306$lBLL01$h1656
=FMT  \\$a  SE
=LAS  \\$a10973$b40$c20200306$lBLL01$h1656

