=LDR  01644cas a22003978i 4500
=001  019743288
=003  Uk
=005  20230210011500.0
=007  ta
=008  200310c20209999nyu\x\p\\\\\\\0\\\a0eng\\
=022  0\$a2634-0755$202
=040  \\$aUk$beng$cUk$erda
=222  \0$aCambridge elements in the economics of European integration$b(Print)
=245  00$aCambridge elements in the economics of European integration.
=246  13$aElements in the economics of European integration
=263  \\$a202011
=264  \1$aNew York :$bCambridge University Press
=336  \\$atext$2rdacontent
=337  \\$aunmediated$2rdamedia
=338  \\$avolume$2rdacarrier
=540  \\$aCurrent Copyright Fee: GBP22.50$c0$5Uk
=776  08$iAlso issued online as:$tCambridge elements in the economics of European integration$x2634-0763
=985  \\$aLDO SERIALS - PLEASE PASS ALL ITEMS RECEIVED TO ISSN UK CENTRE.
=ACF  \\$aPrevious Copyright Fee: GBP22.50$c0$e01-oct-2021$fGBP22.50$g0$hC$5Uk
=CAT  \\$a11313$b40$c20200310$lBLL01$h0745
=CAT  \\$aBATCH-CLA$b00$c20210917$lBLL01$h1606
=CAT  \\$aIPL-CLA$c20210930$lBLL01$h1659
=CAT  \\$aBATCH-CLA$b00$c20221130$lBLL01$h1451
=CAT  \\$aIPL-CLA$c20221231$lBLL01$h2350
=CAT  \\$aBATCH-CLA$b00$c20230209$lBLL01$h1538
=CAT  \\$aIPL-CLA$c20230210$lBLL01$h0115
=CFI  0\$aCurrent Copyright Fee: GBP22.50$c0$e09-feb-2023$fGBP22.50$g0$hC$5Uk
=CFI  2\$aBritish Library not licensed to copy$c0$e01-jan-2023$hC$iCFP Excluded$5Uk
=FMT  \\$a  SE
=LAS  \\$aIPL-CLA$b00$c20230210$lBLL01$h0115
=LET  \0$aCambridge elements in the economics of European integration (Print)

