=LDR  01042 as a22002658i 4500
=001  019747713
=003  Uk
=005  20200312102641.0
=007  ta
=008  200312c20209999enkmr\p\\\\\\\0\\\a0eng\\
=022  0\$a2633-8017$202
=040  \\$aUk$beng$cUk$erda
=222  \0$aPuzzler ultimate ... puzzles
=245  00$aPuzzler ultimate ... puzzles.
=263  \\$a202005
=264  \1$aRedhill :$bPuzzler Media Ltd
=310  \\$aMonthly
=336  \\$atext$2rdacontent
=337  \\$aunmediated$2rdamedia
=338  \\$avolume$2rdacarrier
=985  \\$aISSN UK CENTRE: email from publisher 6.3.20, "The new request is an entirely new publication. The ... will be to do with the mind, mindfulness, mind gym, brain boosting" ; "The new publication will not be published at the same time as Ultimate ... Puzzles with an ISSN of 2399-3480". May need 787 to ISSN 2399-3480?
=985  \\$aLDO SERIALS - PLEASE PASS ALL ITEMS RECEIVED TO ISSN UK CENTRE.
=CAT  \\$a10973$b40$c20200312$lBLL01$h1026
=FMT  \\$a  SE
=LAS  \\$a10973$b40$c20200312$lBLL01$h1026

