=LDR  00688 as a22002538i 4500
=001  019747771
=003  Uk
=005  20200312133114.0
=007  ta
=008  200312c20209999enkfr\p\\\\\\\0\\\a0eng\\
=022  0\$a2634-0933$202
=040  \\$aUk$beng$cUk$erda
=222  \0$aTranscend magazine
=245  00$aTranscend magazine.
=263  \\$a202005
=264  \1$aWidnes :$bOlivia Sorvel
=310  \\$aSemiannual
=336  \\$atext$2rdacontent
=337  \\$aunmediated$2rdamedia
=338  \\$avolume$2rdacarrier
=985  \\$aLDO SERIALS - PLEASE PASS ALL ITEMS RECEIVED TO ISSN UK CENTRE.
=CAT  \\$a10806$b40$c20200312$lBLL01$h1331
=FMT  \\$a  SE
=LAS  \\$a10806$b40$c20200312$lBLL01$h1331

