=LDR  00897 as a22002898i 4500
=001  019747773
=003  Uk
=005  20210122100343.0
=007  ta
=008  200312c20209999enkqr\p\\\\\\\0\\\a0eng\\
=022  0\$a2633-8025$202
=040  \\$aUk$beng$cUk$erda
=222  \0$aBrewers journal Europe$b(Print)
=245  00$aBrewer journal Europe.
=263  \\$a202004
=264  \1$aHemel Hempstead :$bReby Media
=310  \\$aQuarterly
=336  \\$atext$2rdacontent
=337  \\$aunmediated$2rdamedia
=338  \\$avolume$2rdacarrier
=985  \\$aLDO SERIALS - PLEASE PASS ALL ITEMS RECEIVED TO ISSN UK CENTRE.
=985  \\$aPlease add 7xx link to online format ISSN 2633-8033 when completing. ISSN UK.
=CAT  \\$a10973$b40$c20200312$lBLL01$h1332
=CAT  \\$a7152$b40$c20210122$lBLL01$h1003
=FMT  \\$a  SE
=LAS  \\$a7152$b40$c20210122$lBLL01$h1003
=LET  \0$aBrewers journal Europe (Print)

