=LDR  00832 as a22002898i 4500
=001  019747820
=003  Uk
=005  20200312145628.0
=007  ta
=008  200312c20209999enkfr\p\\\\\\\0\\\a0eng\\
=022  0\$a2633-805X$202
=040  \\$aUk$beng$cUk$erda
=222  \0$aBeyourown$b(Print)
=245  00$aBeyourown.
=246  3\$aBe your own
=263  \\$a202006
=264  \1$aNorwich :$bBe Your Own XSD Collective Consultancy Ltd
=310  \\$aSemiannual
=336  \\$atext$2rdacontent
=337  \\$aunmediated$2rdamedia
=338  \\$avolume$2rdacarrier
=776  08$iAlso issued online as:$tBeyourown$x2633-8068
=985  \\$aLDO SERIALS - PLEASE PASS ALL ITEMS RECEIVED TO ISSN UK CENTRE.
=CAT  \\$a10973$b40$c20200312$lBLL01$h1456
=FMT  \\$a  SE
=LAS  \\$a10973$b40$c20200312$lBLL01$h1456
=LET  \0$aBeyourown (Print)

