=LDR  00831 as a22002658i 4500
=001  019748298
=003  Uk
=005  20200313095029.0
=007  ta
=008  200313c20209999enkar\p\\\\\\\0\\\a0eng\\
=022  0\$a2634-0828$202
=040  \\$aUk$beng$cUk$erda
=222  \0$aCentre for SME Development UCLan report series
=245  00$aCentre for SME Development UCLan report series.
=263  \\$a202010
=264  \1$aPreston :$bCentre for SME Development UCLan
=310  \\$aAnnual
=336  \\$atext$2rdacontent
=337  \\$aunmediated$2rdamedia
=338  \\$avolume$2rdacarrier
=985  \\$aLDO SERIALS - PLEASE PASS ALL ITEMS RECEIVED TO ISSN UK CENTRE.
=CAT  \\$a11313$b40$c20200313$lBLL01$h0950
=FMT  \\$a  SE
=LAS  \\$a11313$b40$c20200313$lBLL01$h0950
=LET  \0$aCentre for SME Development UCLan report series (Print)

