=LDR  00710 as a22002658i 4500
=001  019749801
=003  Uk
=005  20200316084742.0
=007  ta
=008  200316c20209999enkar\p\\\\\\\0\\\a0eng\\
=022  0\$a2634-0844$202
=040  \\$aUk$beng$cUk$erda
=222  \0$aZeal magazine
=245  00$aZeal magazine.
=263  \\$a202004
=264  \1$aLondon :$bD. Laughton
=310  \\$aAnnual
=336  \\$atext$2rdacontent
=337  \\$aunmediated$2rdamedia
=338  \\$avolume$2rdacarrier
=985  \\$aLDO SERIALS - PLEASE PASS ALL ITEMS RECEIVED TO ISSN UK CENTRE.
=CAT  \\$a11313$b40$c20200316$lBLL01$h0847
=FMT  \\$a  SE
=LAS  \\$a11313$b40$c20200316$lBLL01$h0847
=LET  \0$aZeal magazine (Print)

