=LDR  01240 as a22003138i 4500
=001  019750483
=003  Uk
=005  20200916124524.0
=007  ta
=008  200317c20209999wlkar\p\\\\\\\0\\\a0eng\\
=022  0\$a2634-0992$202
=040  \\$aUk$beng$cUk$erda
=222  \0$aCardiff Institute for Tissue Engineering & Repair (CITER) annual scientific meeting$b(Print)
=245  00$aCardiff Institute for Tissue Engineering & Repair (CITER) annual scientific meeting.
=263  \\$a202009
=264  \1$aCardiff :$bCardiff Institute for Tissue Engineering & Repair (CITER)
=310  \\$aAnnual
=336  \\$atext$2rdacontent
=337  \\$aunmediated$2rdamedia
=338  \\$avolume$2rdacarrier
=985  \\$aISSN UK Centre: see also online version ISSN 2634-100X, please add 776 to both records on completion.
=985  \\$aLDO SERIALS - PLEASE PASS ALL ITEMS RECEIVED TO ISSN UK CENTRE.
=CAT  \\$a10806$b40$c20200317$lBLL01$h0842
=CAT  \\$a10806$b40$c20200317$lBLL01$h0844
=CAT  \\$a10806$b40$c20200317$lBLL01$h0847
=CAT  \\$a10973$b40$c20200916$lBLL01$h1245
=FMT  \\$a  SE
=LAS  \\$a10973$b40$c20200916$lBLL01$h1245
=LET  \0$aCardiff Institute for Tissue Engineering & Repair (CITER annual scientific meeting (Print)

