=LDR  00827cas a22002898i 4500
=001  019755729
=003  Uk
=005  20220307163320.0
=007  ta
=008  200323c20209999enkqr\p\\\\\\\0\\\a0eng\\
=022  0\$a2634-1441$202
=040  \\$aUk$beng$cUk$erda
=222  \0$aOctonauts special
=245  00$aOctonauts special.
=263  \\$a202307
=264  \1$aBristol :$bKennedy Publishing
=310  \\$aQuarterly
=336  \\$atext$2rdacontent
=337  \\$aunmediated$2rdamedia
=338  \\$avolume$2rdacarrier
=985  \\$aLDO SERIALS - PLEASE PASS ALL ITEMS RECEIVED TO ISSN UK CENTRE.
=985  \\$aNO FILE - WFH RECORD.
=CAT  \\$a10973$b40$c20200323$lBLL01$h2216
=CAT  \\$a10973$b40$c20200518$lBLL01$h0809
=CAT  \\$a10973$b40$c20220307$lBLL01$h1633
=FMT  \\$a  SE
=LAS  \\$a10973$b40$c20220307$lBLL01$h1633

