=LDR  01010 as a22003138i 4500
=001  019762668
=003  Uk
=005  20200518075557.0
=007  ta
=008  200327c20209999enkqr\p\\\\\\\0\\\a0eng\\
=022  0\$a2634-1565$202
=040  \\$aUk$beng$cUk$erda
=222  \4$aThe black explorer
=245  04$aThe black explorer.
=263  \\$a202009
=264  \1$aLondon :$bBLEX Media Ltd
=310  \\$aQuarterly
=336  \\$atext$2rdacontent
=337  \\$aunmediated$2rdamedia
=338  \\$avolume$2rdacarrier
=985  \\$aISSN UK Centre: proposed publication date delayed due to UK coronavirus situation, now hopefully due end September 2020.
=985  \\$aNO FILE - WFH RECORD.
=985  \\$aLDO SERIALS - PLEASE PASS ALL ITEMS RECEIVED TO ISSN UK CENTRE.
=CAT  \\$a10973$b40$c20200327$lBLL01$h1630
=CAT  \\$a10973$b40$c20200330$lBLL01$h1423
=CAT  \\$a10973$b40$c20200330$lBLL01$h1425
=CAT  \\$a10973$b40$c20200518$lBLL01$h0755
=FMT  \\$a  SE
=LAS  \\$a10973$b40$c20200518$lBLL01$h0755

