=LDR  01251 as a22003018i 4500
=001  019764562
=003  Uk
=005  20201005141002.0
=007  ta
=008  200330c20219999enkbr\p\\\\\\\0\\\a0eng\\
=022  0\$a2634-1611$202
=040  \\$aUk$beng$cUk$erda
=222  \0$aMorrisons puzzle special
=245  00$aMorrisons puzzle special.$b(Qualify)
=263  \\$a202103
=264  \1$aLondon :$bKeesing Media UK
=336  \\$atext$2rdacontent
=337  \\$aunmediated$2rdamedia
=338  \\$avolume$2rdacarrier
=985  \\$aLDO SERIALS - PLEASE PASS ALL ITEMS RECEIVED TO ISSN UK CENTRE.
=985  \\$aISSN UK Centre note: title changed from 'Morrisons specials series' ahead of publication 2.10.20. Publisher confirms this is to be a relaunch of 'Morrisons puzzles ... special' ISSN 2052-7152, previously published by Eye to Eye. Title will not have '...' so treated as c/t. Please add 78X as required. Added (Qualify) as unsure if this would be rejected without.
=985  \\$aNO FILE - WFH RECORD.
=CAT  \\$a10973$b40$c20200330$lBLL01$h1552
=CAT  \\$a10973$b40$c20200518$lBLL01$h0749
=CAT  \\$a10973$b40$c20201002$lBLL01$h1151
=CAT  \\$a11130$b40$c20201005$lBLL01$h1410
=FMT  \\$a  SE
=LAS  \\$a11130$b40$c20201005$lBLL01$h1410

