=LDR  00913 as a22003018i 4500
=001  019764563
=003  Uk
=005  20200518075153.0
=007  ta
=008  200330c20209999wlkqr\p\\\\\\\0\\\a0eng\\
=022  0\$a2634-162X$202
=040  \\$aUk$beng$cUk$erda
=222  \0$aWhen in chrome magazine$b(Print)
=245  00$aWhen in chrome magazine.
=263  \\$a202004
=264  \1$aCardiff :$bC L Raven
=310  \\$aQuarterly
=336  \\$atext$2rdacontent
=337  \\$aunmediated$2rdamedia
=338  \\$avolume$2rdacarrier
=776  08$iAlso issued online as:$tWhen in chrome magazine$x2634-1638
=985  \\$aLDO SERIALS - PLEASE PASS ALL ITEMS RECEIVED TO ISSN UK CENTRE.
=985  \\$aNO FILE - WFH RECORD.
=CAT  \\$a10973$b40$c20200330$lBLL01$h1613
=CAT  \\$a10973$b40$c20200518$lBLL01$h0751
=FMT  \\$a  SE
=LAS  \\$a10973$b40$c20200518$lBLL01$h0751
=LET  \0$aWhen in chrome magazine (Print)

