=LDR  01020 as a22003258i 4500
=001  019764737
=003  Uk
=005  20200929190833.0
=007  ta
=008  200331c20219999enkbr\p\\\\\\\0\\\a0eng\\
=022  0\$a2634-1719$202
=040  \\$aUk$beng$cUk$erda
=222  \0$aFit tech$b(Print)
=245  00$aFit tech.
=263  \\$a202109
=264  \1$aKempston :$bCybertrek Ltd
=310  \\$aBimonthly
=336  \\$atext$2rdacontent
=337  \\$aunmediated$2rdamedia
=338  \\$avolume$2rdacarrier
=985  \\$aISSN UK Centre note: see also online version, ISSN 2634-1727, please add 776 to both records on completion.
=985  \\$aLDO SERIALS - PLEASE PASS ALL ITEMS RECEIVED TO ISSN UK CENTRE.
=985  \\$aNO FILE - WFH RECORD.
=CAT  \\$a10973$b40$c20200331$lBLL01$h2059
=CAT  \\$a10973$b40$c20200518$lBLL01$h0730
=CAT  \\$a11130$b40$c20200928$lBLL01$h1607
=CAT  \\$a10973$b40$c20200929$lBLL01$h1908
=FMT  \\$a  SE
=LAS  \\$a10973$b40$c20200929$lBLL01$h1908
=LET  \0$aFit tech (Print)

