=LDR  00905 as a22003018i 4500
=001  019787926
=003  Uk
=005  20200518072835.0
=007  ta
=008  200514c20209999enkmr\p\\\\\\\0\\\a0eng\\
=022  0\$a2634-1778$202
=040  \\$aUk$beng$cUk$erda
=222  \4$aThe palette newsletter$b(Print)
=245  04$aThe palette newsletter.
=263  \\$a202009
=264  \1$aBirmingham :$bT.Knowles
=310  \\$aMonthly
=336  \\$atext$2rdacontent
=337  \\$aunmediated$2rdamedia
=338  \\$avolume$2rdacarrier
=776  08$iAlso issued online as:$tPalette newsletter$x2634-1786
=985  \\$aLDO SERIALS - PLEASE PASS ALL ITEMS RECEIVED TO ISSN UK CENTRE.
=985  \\$aNO FILE - WFH RECORD
=CAT  \\$a10973$b40$c20200514$lBLL01$h2126
=CAT  \\$a10973$b40$c20200518$lBLL01$h0728
=FMT  \\$a  SE
=LAS  \\$a10973$b40$c20200518$lBLL01$h0728
=LET  \4$aThe palette newsletter (Print)

