=LDR  00834 as a22002778i 4500
=001  019789472
=003  Uk
=005  20200518154949.0
=007  ta
=008  200518c20209999enkmr\p\\\\\\\0\\\a0eng\\
=022  0\$a2732-401X$202
=040  \\$aUk$beng$cUk$erda
=222  \0$aChat puzzle faves
=245  00$aChat puzzle faves.
=263  \\$a202007
=264  \1$aLondon :$bTI Media
=310  \\$aMonthly
=336  \\$atext$2rdacontent
=337  \\$aunmediated$2rdamedia
=338  \\$avolume$2rdacarrier
=985  \\$aISSN UK Centre note: Publisher states will begin with issue 7 to reflect month (July) of publication.
=985  \\$aNO FILE - WFH RECORD.
=985  \\$aLDO SERIALS - PLEASE PASS ALL ITEMS RECEIVED TO ISSN UK CENTRE.
=CAT  \\$a10973$b40$c20200518$lBLL01$h1549
=FMT  \\$a  SE
=LAS  \\$a10973$b40$c20200518$lBLL01$h1549

