=LDR  00857 as a22002778i 4500
=001  019789473
=003  Uk
=005  20200518155208.0
=007  ta
=008  200518c20209999enkmr\p\\\\\\\0\\\a0eng\\
=022  0\$a2732-4028$202
=040  \\$aUk$beng$cUk$erda
=222  \0$aWoman's weekly crossword choice
=245  00$aWoman's weekly crossword choice.
=263  \\$a202007
=264  \1$aLondon :$bTI Media
=310  \\$aMonthly
=336  \\$atext$2rdacontent
=337  \\$aunmediated$2rdamedia
=338  \\$avolume$2rdacarrier
=985  \\$aISSN UK Centre: publisher states will begin with issue 7 to reflect month of publication (July).
=985  \\$aNO FILE - WFH RECORD.
=985  \\$aLDO SERIALS - PLEASE PASS ALL ITEMS RECEIVED TO ISSN UK CENTRE.
=CAT  \\$a10973$b40$c20200518$lBLL01$h1552
=FMT  \\$a  SE
=LAS  \\$a10973$b40$c20200518$lBLL01$h1552

