=LDR  01002cas a22003018i 4500
=001  019789476
=003  Uk
=005  20220211100939.0
=007  ta
=008  200518c20239999enkqr\p\\\\\\\0\\\a0eng\\
=022  0\$a2732-4052$202
=040  \\$aUk$beng$cUk$erda
=222  \0$aWe love history magazine
=245  00$aWe love history magazine.
=263  \\$a202305
=264  \1$aEast Grinstead :$bMULT-KOR MEDIA GROUP LTD
=310  \\$aQuarterly
=336  \\$atext$2rdacontent
=337  \\$aunmediated$2rdamedia
=338  \\$avolume$2rdacarrier
=985  \\$aNO FILE - WFH RECORD.
=985  \\$aLDO SERIALS - PLEASE PASS ALL ITEMS RECEIVED TO ISSN UK CENTRE.
=985  \\$aPublisher name changed prior to publication - previously 'WLH Publishing House Ltd' (also East Grinstead) (Email received 14/05/21)
=CAT  \\$a10973$b40$c20200518$lBLL01$h1602
=CAT  \\$a10806$b40$c20210517$lBLL01$h0906
=CAT  \\$a11130$b40$c20220211$lBLL01$h1009
=FMT  \\$a  SE
=LAS  \\$a11130$b40$c20220211$lBLL01$h1009

