=LDR  00996cas a22003258i 4500
=001  019789483
=003  Uk
=005  20230306091537.0
=007  ta
=008  200518c20209999enkmr\p\\\\\\\0\\\a0eng\\
=022  0\$a2732-4125$202
=040  \\$aUk$beng$cUk$erda
=222  \0$aHFM$b(Print)
=245  00$aHFM.
=246  3\$aHedge fund manager
=263  \\$a202005
=264  \1$aLondon :$bPageant Media
=310  \\$aMonthly
=336  \\$atext$2rdacontent
=337  \\$aunmediated$2rdamedia
=338  \\$avolume$2rdacarrier
=985  \\$aISSN UK Centre: change of title from HFM week (ISSN 2041-692X) ; please add 78X/LKR as required.
=985  \\$aPlease link to ISSN 2732-4133 (Online) on completion
=985  \\$aNO FILE - WFH RECORD.
=985  \\$aLDO SERIALS - PLEASE PASS ALL ITEMS RECEIVED TO ISSN UK CENTRE.
=CAT  \\$a10973$b40$c20200518$lBLL01$h2020
=CAT  \\$a10806$b40$c20230306$lBLL01$h0915
=FMT  \\$a  SE
=LAS  \\$a10806$b40$c20230306$lBLL01$h0915
=LET  \0$aHFM (Print)

