=LDR  00881 as a22002778i 4500
=001  019793714
=003  Uk
=005  20200521165928.0
=007  ta
=008  200521c20209999enkmr\p\\\\\\\0\\\a0eng\\
=022  0\$a2732-4524$202
=040  \\$aUk$beng$cUk$erda
=222  \0$aBig wordsearch special
=245  00$aBig wordsearch special.
=263  \\$a202007
=264  \1$aWhitstable :$bPWA International Ltd
=310  \\$aMonthly
=336  \\$atext$2rdacontent
=337  \\$aunmediated$2rdamedia
=338  \\$avolume$2rdacarrier
=985  \\$aNO FILE - WFH RECORD.
=985  \\$aISSN UK Centre: queried if title related to ISSN 2515-8953 or ISSN 2515-8945 but publisher confirms separate publication.
=985  \\$aLDO SERIALS - PLEASE PASS ALL ITEMS RECEIVED TO ISSN UK CENTRE.
=CAT  \\$a10973$b40$c20200521$lBLL01$h1659
=FMT  \\$a  SE
=LAS  \\$a10973$b40$c20200521$lBLL01$h1659

