=LDR  00921 as a22003018i 4500
=001  019793816
=003  Uk
=005  20201008160629.0
=007  ta
=008  200522c20209999enkar\p\\\\\\\0\\\a0eng\\
=022  0\$a2732-4532$202
=040  \\$aUk$beng$cUk$erda
=222  \0$aOverdressed$b(Print)
=245  00$aOverdressed.
=263  \\$a202006
=264  \1$aLondon :$bN. Biernacka
=310  \\$aAnnual
=336  \\$atext$2rdacontent
=337  \\$aunmediated$2rdamedia
=338  \\$avolume$2rdacarrier
=985  \\$aISSN UK Centre: see also online version (ISSN 2732-4540), please add 776 to both records on completion.
=985  \\$aNO FILE - WFH RECORD.
=985  \\$aLDO SERIALS - PLEASE PASS ALL ITEMS RECEIVED TO ISSN UK CENTRE.
=CAT  \\$a10973$b40$c20200522$lBLL01$h1446
=CAT  \\$a10973$b40$c20201008$lBLL01$h1606
=FMT  \\$a  SE
=LAS  \\$a10973$b40$c20201008$lBLL01$h1606
=LET  \0$aOverdressed (Print)

