=LDR  00860cas a22002898i 4500
=001  019797347
=003  Uk
=005  20230227160623.0
=007  ta
=008  200528c20239999enkmr\p\\\\\\\0\\\a0eng\\
=022  0\$a2732-463X$202
=040  \\$aUk$beng$cUk$erda
=222  \0$aPuzzleLife family wordsearch variety
=245  00$aPuzzleLife family wordsearch variety.
=263  \\$a202308
=264  \1$aLondon :$bKeesing Media UK
=310  \\$aMonthly
=336  \\$atext$2rdacontent
=337  \\$aunmediated$2rdamedia
=338  \\$avolume$2rdacarrier
=985  \\$aNO FILE - WFH RECORD.
=985  \\$aLDO SERIALS - PLEASE PASS ALL ITEMS RECEIVED TO ISSN UK CENTRE.
=CAT  \\$a10973$b40$c20200528$lBLL01$h1356
=CAT  \\$a5466D$b40$c20230227$lBLL01$h1605
=CAT  \\$a5466D$b40$c20230227$lBLL01$h1606
=FMT  \\$a  SE
=LAS  \\$a5466D$b40$c20230227$lBLL01$h1606

