=LDR  00799 as a22002898i 4500
=001  019798852
=003  Uk
=005  20200602061907.0
=007  ta
=008  200602c20209999enkfr\p\\\\\\\0\\\a0eng\\
=022  0\$a2732-4664$202
=040  \\$aUk$beng$cUk$erda
=222  \0$aKonesh$b(Print)
=245  00$aKonesh.
=263  \\$a202007
=264  \1$aLondon :$bKonesh Space
=310  \\$aSemiannual
=336  \\$atext$2rdacontent
=337  \\$aunmediated$2rdamedia
=338  \\$avolume$2rdacarrier
=776  08$iAlso issued online as:$tKonesh$x2732-4672
=985  \\$aNO FILE - WFH RECORD.
=985  \\$aLDO SERIALS - PLEASE PASS ALL ITEMS RECEIVED TO ISSN UK CENTRE.
=CAT  \\$a10973$b40$c20200602$lBLL01$h0619
=FMT  \\$a  SE
=LAS  \\$a10973$b40$c20200602$lBLL01$h0619
=LET  \0$aKonesh (Print)

