=LDR  00722 as a22002658i 4500
=001  019798858
=003  Uk
=005  20200602134439.0
=007  ta
=008  200602c20209999enkbr\p\\\\\\\0\\\a0eng\\
=022  0\$a2732-4680$202
=040  \\$aUk$beng$cUk$erda
=222  \0$aUnchartered streets
=245  00$aUnchartered streets.
=263  \\$a202007
=264  \1$aLondon :$bM Haynes
=310  \\$aBimonthly
=336  \\$atext$2rdacontent
=337  \\$aunmediated$2rdamedia
=338  \\$avolume$2rdacarrier
=985  \\$aNO FILE - WFH RECORD.
=985  \\$aLDO SERIALS - PLEASE PASS ALL ITEMS RECEIVED TO ISSN UK CENTRE.
=CAT  \\$a10973$b40$c20200602$lBLL01$h1344
=FMT  \\$a  SE
=LAS  \\$a10973$b40$c20200602$lBLL01$h1344

