=LDR  00852cas a22003138i 4500
=001  019820656
=003  Uk
=005  20220127081503.0
=007  ta
=008  200623c20239999nikqr\p\\\\\\\0\\\a0eng\\
=022  0\$a2634-3819$202
=040  \\$aUk$beng$cUk$erda
=222  \4$aThe highq
=245  04$aThe highq.
=246  3\$aHigh q
=246  13$atheHighQ
=263  \\$a202309
=264  \1$aBelfast :$bG. Carvalho
=310  \\$aQuarterly
=336  \\$atext$2rdacontent
=337  \\$aunmediated$2rdamedia
=338  \\$avolume$2rdacarrier
=985  \\$aNO FILE - WFH RECORD.
=985  \\$aLDO SERIALS - PLEASE PASS ALL ITEMS RECEIVED TO ISSN UK CENTRE.
=CAT  \\$a10973$b40$c20200623$lBLL01$h1731
=CAT  \\$a10973$b40$c20200623$lBLL01$h1734
=CAT  \\$a11130$b40$c20220127$lBLL01$h0815
=FMT  \\$a  SE
=LAS  \\$a11130$b40$c20220127$lBLL01$h0815

