=LDR  00723 as a22002658i 4500
=001  019824504
=003  Uk
=005  20200630062226.0
=007  ta
=008  200630c20209999enkfr\p\\\\\\\0\\\a0eng\\
=022  0\$a2634-3983$202
=040  \\$aUk$beng$cUk$erda
=222  \0$aLIMBO magazine
=245  00$aLIMBO magazine.
=263  \\$a202007
=264  \1$aLondon :$bLIMBO Magazine CIC
=310  \\$aSemiannual
=336  \\$atext$2rdacontent
=337  \\$aunmediated$2rdamedia
=338  \\$avolume$2rdacarrier
=985  \\$aNO FILE - WFH RECORD.
=985  \\$aLDO SERIALS - PLEASE PASS ALL ITEMS RECEIVED TO ISSN UK CENTRE.
=CAT  \\$a10973$b40$c20200630$lBLL01$h0622
=FMT  \\$a  SE
=LAS  \\$a10973$b40$c20200630$lBLL01$h0622

