=LDR  00954 as a22003018i 4500
=001  019837172
=003  Uk
=005  20200709080023.0
=007  ta
=008  200709c20219999enkmr\p\\\\\\\0\\\a0eng\\
=022  0\$a2634-9841$202
=040  \\$aUk$beng$cUk$erda
=222  \0$aWoman's weekly puzzle choice
=245  00$aWoman's weekly puzzle choice.
=263  \\$a202103
=264  \1$aLondon :$bFuture
=310  \\$aMonthly
=336  \\$atext$2rdacontent
=337  \\$aunmediated$2rdamedia
=338  \\$avolume$2rdacarrier
=985  \\$aISSN UK Centre note: Publisher states will begin with issue 3 to reflect month (March) of publication.
=985  \\$aNO FILE - WFH RECORD.
=985  \\$aLDO SERIALS - PLEASE PASS ALL ITEMS RECEIVED TO ISSN UK CENTRE.
=CAT  \\$a7152$b40$c20200709$lBLL01$h0747
=CAT  \\$a7152$b40$c20200709$lBLL01$h0800
=FMT  \\$a  SE
=LAS  \\$a7152$b40$c20200709$lBLL01$h0800
=LET  \0$aWoman's weekly puzzle choice (Print)

