=LDR  00857 as a22002778i 4500
=001  019837174
=003  Uk
=005  20200709080132.0
=007  ta
=008  200709c20219999enkmr\p\\\\\\\0\\\a0eng\\
=022  0\$a2634-985X$202
=040  \\$aUk$beng$cUk$erda
=222  \0$aChat arrow words$b(Qualify)
=245  00$aChat arrow words.
=263  \\$a202103
=264  \1$aLondon :$bFuture
=336  \\$atext$2rdacontent
=337  \\$aunmediated$2rdamedia
=338  \\$avolume$2rdacarrier
=985  \\$aNO FILE - WFH RECORD.
=985  \\$aISSN UK Centre note: Publisher states will begin with issue 3 to reflect month (March) of publication.
=985  \\$aLDO SERIALS - PLEASE PASS ALL ITEMS RECEIVED TO ISSN UK CENTRE.
=CAT  \\$a7152$b40$c20200709$lBLL01$h0801
=FMT  \\$a  SE
=LAS  \\$a7152$b40$c20200709$lBLL01$h0801
=LET  \0$aChat arrow words (Print)

