=LDR  00881 as a22002898i 4500
=001  019837179
=003  Uk
=005  20200709090147.0
=007  ta
=008  200709c20219999enkmr\p\\\\\\\0\\\a0eng\\
=022  0\$a2634-9868$202
=040  \\$aUk$beng$cUk$erda
=222  \0$aChat word search$b(Qualify)
=245  00$aChat word search.
=263  \\$a202103
=264  \1$aLondon :$bFuture
=310  \\$aMonthly
=336  \\$atext$2rdacontent
=337  \\$aunmediated$2rdamedia
=338  \\$avolume$2rdacarrier
=985  \\$aISSN UK Centre note: Publisher states will begin with issue 3 to reflect month (March) of publication.
=985  \\$aNO FILE - WFH RECORD.
=985  \\$aLDO SERIALS - PLEASE PASS ALL ITEMS RECEIVED TO ISSN UK CENTRE.
=CAT  \\$a7152$b40$c20200709$lBLL01$h0901
=FMT  \\$a  SE
=LAS  \\$a7152$b40$c20200709$lBLL01$h0901
=LET  \0$aChat word search (Print)

