=LDR  00781 as a22002778i 4500
=001  019844217
=003  Uk
=005  20200717104703.0
=007  ta
=008  200717c20209999enkqr\p\\\\\\\0\\\a0eng\\
=022  0\$a2634-9892$202
=040  \\$aUk$beng$cUk$erda
=222  \0$aCustoms and classics
=245  00$aCustoms and classics.
=263  \\$a202012
=264  \1$aYalding :$bKelsey Publishing Ltd
=310  \\$aQuarterly
=336  \\$atext$2rdacontent
=337  \\$aunmediated$2rdamedia
=338  \\$avolume$2rdacarrier
=985  \\$aNO FILE - WFH RECORD.
=985  \\$aLDO SERIALS - PLEASE PASS ALL ITEMS RECEIVED TO ISSN UK CENTRE.
=CAT  \\$a7152$b40$c20200717$lBLL01$h1047
=FMT  \\$a  SE
=LAS  \\$a7152$b40$c20200717$lBLL01$h1047
=LET  \0$aCustoms and classics (Print)

