=LDR  01540cas a22003978i 4500
=001  019847374
=003  Uk
=005  20230210011503.0
=007  ta
=008  200720c20219999enk\x\p\\\\\\\0\\\a0eng\\
=022  0\$a2634-9930$202
=040  \\$aUk$beng$cUk$erda
=222  \0$aElements in microscopy and microanalysis$b(Print)
=245  00$aElements in microscopy and microanalysis.
=263  \\$a202103
=264  \1$aCambridge :$bCambridge University Press
=336  \\$atext$2rdacontent
=337  \\$aunmediated$2rdamedia
=338  \\$avolume$2rdacarrier
=540  \\$aCurrent Copyright Fee: GBP22.50$c0$5Uk
=776  08$iAlso issued online as:$tElements in microscopy and microanalysis$x2634-9949
=985  \\$aNO FILE - WFH RECORD.
=985  \\$aLDO SERIALS - PLEASE PASS ALL ITEMS RECEIVED TO ISSN UK CENTRE.
=ACF  \\$aPrevious Copyright Fee: GBP22.50$c0$e01-oct-2021$fGBP22.50$g0$hC$5Uk
=CAT  \\$a7152$b40$c20200720$lBLL01$h2014
=CAT  \\$aBATCH-CLA$b00$c20210917$lBLL01$h1605
=CAT  \\$aIPL-CLA$c20210930$lBLL01$h1659
=CAT  \\$aBATCH-CLA$b00$c20221130$lBLL01$h1450
=CAT  \\$aIPL-CLA$c20221231$lBLL01$h2350
=CAT  \\$aBATCH-CLA$b00$c20230209$lBLL01$h1537
=CAT  \\$aIPL-CLA$c20230210$lBLL01$h0115
=CFI  0\$aCurrent Copyright Fee: GBP22.50$c0$e09-feb-2023$fGBP22.50$g0$hC$5Uk
=CFI  2\$aBritish Library not licensed to copy$c0$e01-jan-2023$hC$iCFP Excluded$5Uk
=FMT  \\$a  SE
=LAS  \\$aIPL-CLA$b00$c20230210$lBLL01$h0115
=LET  \0$aElements in microscopy and microanalysis (Print)

