=LDR  01138cas a22003258i 4500
=001  019864975
=003  Uk
=005  20230126124945.0
=007  ta
=008  200804c20209999enkbr\p\\\\\\\0\\\a0eng\\
=022  0\$a2634-8500$202
=040  \\$aUk$beng$cUk$erda
=222  \0$aMy best life$b(Print)
=245  00$aMy best life.
=263  \\$a202011
=264  \1$aWoodbridge :$bToday Magazines Ltd
=310  \\$aBimonthly
=336  \\$atext$2rdacontent
=337  \\$aunmediated$2rdamedia
=338  \\$avolume$2rdacarrier
=985  \\$aNO FILE - WFH RECORD.
=985  \\$aPrint format due to be published from issue 2 onwards, Nov 2020 (first issue will be published online). ISSN UK Centre, 4.8.2020
=985  \\$aLDO SERIALS - PLEASE PASS ALL ITEMS RECEIVED TO ISSN UK CENTRE.
=985  \\$aISSN UK Centre: see also online format version (ISSN 2634-8519), please add 776 to both records on completion.
=CAT  \\$a7152$b40$c20200804$lBLL01$h0850
=CAT  \\$a10973$b40$c20230126$lBLL01$h1222
=CAT  \\$a10973$b40$c20230126$lBLL01$h1249
=FMT  \\$a  SE
=LAS  \\$a10973$b40$c20230126$lBLL01$h1249
=LET  \0$aMy best life (Print)

