=LDR  00958 as a22003018i 4500
=001  019880298
=003  Uk
=005  20201203154936.0
=007  ta
=008  200813c20209999enkfr\p\\\\\\\0\\\a0eng\\
=022  0\$a2634-856X$202
=040  \\$aUk$beng$cUk$erda
=222  \0$aProspectives$b(Qualify. Print)
=245  00$aProspectives.
=263  \\$a202009
=264  \1$aLondon :$bThe Bartlett School of Architecture
=310  \\$aSemiannual
=336  \\$atext$2rdacontent
=337  \\$aunmediated$2rdamedia
=338  \\$avolume$2rdacarrier
=985  \\$aNO FILE - WFH RECORD.
=985  \\$aISSN UK Centre: see also online version ISSN 2634-8578 ; please add 776 to both records on completion.
=985  \\$aLDO SERIALS - PLEASE PASS ALL ITEMS RECEIVED TO ISSN UK CENTRE.
=CAT  \\$a7152$b40$c20200813$lBLL01$h0800
=CAT  \\$a10973$b40$c20201203$lBLL01$h1549
=FMT  \\$a  SE
=LAS  \\$a10973$b40$c20201203$lBLL01$h1549
=LET  \0$aProspectives (Print)

