=LDR  01210cas a22003018i 4500
=001  019888976
=003  Uk
=005  20230105140701.0
=007  ta
=008  200819c20239999enkmr\p\\\\\\\0\\\a0eng\\
=022  0\$a2634-4785$202
=040  \\$aUk$beng$cUk$erda
=222  \0$aBuild the 1967 Mustang Eleanor
=245  00$aBuild the 1967 Mustang Eleanor.
=263  \\$a202301
=264  \1$aLondon :$bDeAgostini UK Ltd
=310  \\$aMonthly
=336  \\$atext$2rdacontent
=337  \\$aunmediated$2rdamedia
=338  \\$avolume$2rdacarrier
=985  \\$aNO FILE - WFH RECORD.
=985  \\$aISSN UK Centre: ISSN orginally applied for by Eaglemoss, issues may have been published but unable to trace enough information online to complete (issues on Ebay appear to be US release, none found with UK ISSN barcode). Deagostini confirmed they have taken over publication and will be issuing this from 2023 so advised they use existing ISSN.
=985  \\$aLDO SERIALS - PLEASE PASS ALL ITEMS RECEIVED TO ISSN UK CENTRE.
=CAT  \\$a10973$b40$c20200819$lBLL01$h1927
=CAT  \\$a10973$b40$c20230105$lBLL01$h1354
=CAT  \\$a10973$b40$c20230105$lBLL01$h1407
=FMT  \\$a  SE
=LAS  \\$a10973$b40$c20230105$lBLL01$h1407

