=LDR  00771 as a22002658i 4500
=001  019901279
=003  Uk
=005  20210128134247.0
=007  ta
=008  200827c20219999enkmr\p\\\\\\\0\\\a0eng\\
=022  0\$a2634-4963$202
=040  \\$aUk$beng$cUk$erda
=222  \0$aHorror comics classic series
=245  00$aHorror comics classic series.
=263  \\$a202108
=264  \1$aBrighton :$bQuality Comics
=336  \\$atext$2rdacontent
=337  \\$aunmediated$2rdamedia
=338  \\$avolume$2rdacarrier
=985  \\$aNO FILE - WFH RECORD.
=985  \\$aLDO SERIALS - PLEASE PASS ALL ITEMS RECEIVED TO ISSN UK CENTRE.
=CAT  \\$a10973$b40$c20200827$lBLL01$h1251
=CAT  \\$a11130$b40$c20210128$lBLL01$h1342
=FMT  \\$a  SE
=LAS  \\$a11130$b40$c20210128$lBLL01$h1342

