=LDR  00838 as a22002898i 4500
=001  019968950
=003  Uk
=005  20201005082120.0
=007  ta
=008  201005c20209999enkar\p\\\\\\\0\\\a0eng\\
=022  0\$a2634-8780$202
=040  \\$aUk$beng$cUk$erda
=222  \0$aASDA big colouring-in book
=245  00$aASDA big colouring-in book
=246  13$aASDA colouring in book
=263  \\$a202012
=264  \1$aLondon :$bKeesing Media UK
=310  \\$aAnnual
=336  \\$atext$2rdacontent
=337  \\$aunmediated$2rdamedia
=338  \\$avolume$2rdacarrier
=985  \\$aLDO SERIALS - PLEASE PASS ALL ITEMS RECEIVED TO ISSN UK CENTRE.
=CAT  \\$a7152$b40$c20201005$lBLL01$h0819
=CAT  \\$a7152$b40$c20201005$lBLL01$h0821
=FMT  \\$a  SE
=LAS  \\$a7152$b40$c20201005$lBLL01$h0821
=LET  \0$aASDA big colouring-in book (Print)

