=LDR  00875 as a22002778i 4500
=001  019976273
=003  Uk
=005  20201012141533.0
=007  ta
=008  201012c20209999enkqr\p\\\\\\\0\\\a0eng\\
=022  0\$a2635-246X$202
=040  \\$aUk$beng$cUk$erda
=222  \0$aScenic railways of Britain
=245  00$aScenic railways of Britain.
=263  \\$a202012
=264  \1$aYalding :$bKelsey Media
=310  \\$aQuarterly
=336  \\$atext$2rdacontent
=337  \\$aunmediated$2rdamedia
=338  \\$avolume$2rdacarrier
=985  \\$aISSN UK Centre: publisher confirms this is separate publication to 'Railways of Britain' (ISSN 2052-3173).
=985  \\$aLDO SERIALS - PLEASE PASS ALL ITEMS RECEIVED TO ISSN UK CENTRE.
=CAT  \\$a10973$b40$c20201012$lBLL01$h1410
=CAT  \\$a10973$b40$c20201012$lBLL01$h1415
=FMT  \\$a  SE
=LAS  \\$a10973$b40$c20201012$lBLL01$h1415

