=LDR  00673 as a22002538i 4500
=001  019980304
=003  Uk
=005  20201015154629.0
=007  ta
=008  201015c20209999enkfr\p\\\\\\\0\\\a0eng\\
=022  0\$a2635-2664$202
=040  \\$aUk$beng$cUk$erda
=222  \0$aFact$b(Qualify)
=245  00$aFact.
=263  \\$a202011
=264  \1$aLondon :$bThe Store X Ltd
=310  \\$aSemiannual
=336  \\$atext$2rdacontent
=337  \\$aunmediated$2rdamedia
=338  \\$avolume$2rdacarrier
=985  \\$aLDO SERIALS - PLEASE PASS ALL ITEMS RECEIVED TO ISSN UK CENTRE.
=CAT  \\$a10973$b40$c20201015$lBLL01$h1546
=FMT  \\$a  SE
=LAS  \\$a10973$b40$c20201015$lBLL01$h1546

