=LDR  00716 as a22002538i 4500
=001  019980565
=003  Uk
=005  20201016112758.0
=007  ta
=008  201016c20219999enkmx\p\\\\\\\0\\\a0eng\\
=022  0\$a2635-2680$202
=040  \\$aUk$beng$cUk$erda
=222  \0$aBella puzzles train your brain
=245  00$aBella puzzles train your brain.
=263  \\$a202101
=264  \1$aLondon :$bBauer Media
=310  \\$aEvery four weeks
=336  \\$atext$2rdacontent
=337  \\$aunmediated$2rdamedia
=338  \\$avolume$2rdacarrier
=985  \\$aLDO SERIALS - PLEASE PASS ALL ITEMS RECEIVED TO ISSN UK CENTRE.
=CAT  \\$a10973$b40$c20201016$lBLL01$h1127
=FMT  \\$a  SE
=LAS  \\$a10973$b40$c20201016$lBLL01$h1127

