=LDR  01014 as a22003018i 4500
=001  019985705
=003  Uk
=005  20201021104038.0
=007  ta
=008  201021c20209999enkar\p\\\\\\\0\\\a0eng\\
=022  0\$a2635-2788$202
=040  \\$aUk$beng$cUk$erda
=222  \0$aInternational comparative legal guide. Designs$b(Print)
=245  00$aInternational comparative legal guide.$pDesigns.
=263  \\$a202011
=264  \1$aLondon :$bGlobal Legal Group
=310  \\$aAnnual
=336  \\$atext$2rdacontent
=337  \\$aunmediated$2rdamedia
=338  \\$avolume$2rdacarrier
=776  08$iAlso issued online as:$tInternational comparative legal guide. Designs$x2635-2796
=985  \\$aLDO SERIALS - PLEASE PASS ALL ITEMS RECEIVED TO ISSN UK CENTRE.
=CAT  \\$a10973$b40$c20201021$lBLL01$h1036
=CAT  \\$a10973$b40$c20201021$lBLL01$h1037
=CAT  \\$a10973$b40$c20201021$lBLL01$h1040
=FMT  \\$a  SE
=LAS  \\$a10973$b40$c20201021$lBLL01$h1040
=LET  \0$aInternational comparative legal guide. Designs

