=LDR  00740 as a22002658i 4500
=001  019996805
=003  Uk
=005  20201103160922.0
=007  ta
=008  201103c20209999stkfr\p\\\\\\\0\\\a0eng\\
=022  0\$a2635-1595$202
=040  \\$aUk$beng$cUk$erda
=222  \0$aPilot magazine$b(Qualify)
=245  00$aPilot magazine.
=263  \\$a202012
=264  \1$aSt Andrews :$bD. Tepper
=310  \\$aSemiannual
=336  \\$atext$2rdacontent
=337  \\$aunmediated$2rdamedia
=338  \\$avolume$2rdacarrier
=985  \\$aLDO SERIALS - PLEASE PASS ALL ITEMS RECEIVED TO ISSN UK CENTRE.
=CAT  \\$a10973$b40$c20201103$lBLL01$h1605
=CAT  \\$a10973$b40$c20201103$lBLL01$h1609
=FMT  \\$a  SE
=LAS  \\$a10973$b40$c20201103$lBLL01$h1609

