=LDR  01114 as a22003018i 4500
=001  020003586
=003  Uk
=005  20201105165131.0
=007  ta
=008  201105c20219999enkqr\p\\\\\\\0\\\a0eng\\
=022  0\$a2635-1528$202
=040  \\$aUk$beng$cUk$erda
=222  \0$aInternational journal of networking and security$b(Print)
=245  00$aInternational journal of networking and security.
=246  13$aIJNS
=263  \\$a202103
=264  \1$aOlney :$bInderscience Enterprises Limited
=310  \\$aQuarterly
=336  \\$atext$2rdacontent
=337  \\$aunmediated$2rdamedia
=338  \\$avolume$2rdacarrier
=776  08$iAlso issued online as:$tInternational journal of networking and security$x2635-1536
=985  \\$aISSN UK Centre: change of title from 'International journal of network science' ISSN 2048-2175. Please add 78X/LKR on completion.
=985  \\$aLDO SERIALS - PLEASE PASS ALL ITEMS RECEIVED TO ISSN UK CENTRE.
=CAT  \\$a10973$b40$c20201105$lBLL01$h1651
=FMT  \\$a  SE
=LAS  \\$a10973$b40$c20201105$lBLL01$h1651
=LET  \0$aInternational journal of networking and security (Print)

