=LDR  00716 as a22002658i 4500
=001  020005444
=003  Uk
=005  20201109145228.0
=007  ta
=008  201109c20209999stkqr\p\\\\\\\0\\\a0eng\\
=022  0\$a2635-0424$202
=040  \\$aUk$beng$cUk$erda
=222  \0$aProper cycling
=245  00$aProper cycling.
=263  \\$a202012
=264  \1$aEdinburgh :$bP. Brett
=310  \\$aQuarterly
=336  \\$atext$2rdacontent
=337  \\$aunmediated$2rdamedia
=338  \\$avolume$2rdacarrier
=985  \\$aLDO SERIALS - PLEASE PASS ALL ITEMS RECEIVED TO ISSN UK CENTRE.
=CAT  \\$a11313$b40$c20201109$lBLL01$h1452
=FMT  \\$a  SE
=LAS  \\$a11313$b40$c20201109$lBLL01$h1452
=LET  \0$aProper cycling (Print)

