=LDR  00823 as a22002778i 4500
=001  020009053
=003  Uk
=005  20201112094644.0
=007  ta
=008  201112c20209999enker\p\\\\\\\0\\\a0eng\\
=022  0\$a2635-1293$202
=040  \\$aUk$beng$cUk$erda
=222  \4$aThe African recorder$b(Qualify. Print)
=245  04$aThe African recorder.
=263  \\$a202012
=264  \1$aLondon :$bC. Omorodion
=310  \\$aFortnightly
=336  \\$atext$2rdacontent
=337  \\$aunmediated$2rdamedia
=338  \\$avolume$2rdacarrier
=776  08$iAlso issued online as:$tAfrican recorder$x2635-1307
=985  \\$aLDO SERIALS - PLEASE PASS ALL ITEMS RECEIVED TO ISSN UK CENTRE.
=CAT  \\$a10973$b40$c20201112$lBLL01$h0946
=FMT  \\$a  SE
=LAS  \\$a10973$b40$c20201112$lBLL01$h0946
=LET  \4$aThe African recorder (Print)

