=LDR  00708 as a22002658i 4500
=001  020010955
=003  Uk
=005  20201116074142.0
=007  ta
=008  201116c20219999enkqr\p\\\\\\\0\\\a0eng\\
=022  0\$a2635-0467$202
=040  \\$aUk$beng$cUk$erda
=222  \0$aPrima special
=245  00$aPrima special.
=263  \\$a202102
=264  \1$aLondon :$bHearst
=310  \\$aQuarterly
=336  \\$atext$2rdacontent
=337  \\$aunmediated$2rdamedia
=338  \\$avolume$2rdacarrier
=985  \\$aLDO SERIALS - PLEASE PASS ALL ITEMS RECEIVED TO ISSN UK CENTRE.
=CAT  \\$a11313$b40$c20201116$lBLL01$h0741
=FMT  \\$a  SE
=LAS  \\$a11313$b40$c20201116$lBLL01$h0741
=LET  \0$aPrima special (Print)

