=LDR  01046 as a22002778i 4500
=001  020014964
=003  Uk
=005  20201118095740.0
=007  ta
=008  201118c20209999enkar\p\\\\\\\0\\\a0eng\\
=022  0\$a2634-8969$202
=040  \\$aUk$beng$cUk$erda
=222  \0$aInternational comparative legal guide. Environmental, social & governance law$b(Print)
=245  00$aInternational comparative legal guide.$pEnvironmental, social & governance law.
=263  \\$a202012
=264  \1$aLondon :$bGlobal Legal Group
=310  \\$aAnnual
=336  \\$atext$2rdacontent
=337  \\$aunmediated$2rdamedia
=338  \\$avolume$2rdacarrier
=776  08$iAlso issued online as:$tInternational comparative legal guide. Environmental, social & governance law$x2634-8977
=985  \\$aLDO SERIALS - PLEASE PASS ALL ITEMS RECEIVED TO ISSN UK CENTRE.
=CAT  \\$a7152$b40$c20201118$lBLL01$h0957
=FMT  \\$a  SE
=LAS  \\$a7152$b40$c20201118$lBLL01$h0957
=LET  \0$aInternational comparative legal guide. Environmental, social & governance law (Print)

