=LDR  00732 as a22002658i 4500
=001  020018056
=003  Uk
=005  20201124095237.0
=007  ta
=008  201124c20219999enkqr\p\\\\\\\0\\\a0eng\\
=022  0\$a2634-8993$202
=040  \\$aUk$beng$cUk$erda
=222  \0$aSay, "Hello body!"
=245  00$aSay, "Hello body!".
=263  \\$a202104
=264  \1$aGravesend :$bWrite Attitude
=310  \\$aQuarterly
=336  \\$atext$2rdacontent
=337  \\$aunmediated$2rdamedia
=338  \\$avolume$2rdacarrier
=985  \\$aLDO SERIALS - PLEASE PASS ALL ITEMS RECEIVED TO ISSN UK CENTRE.
=CAT  \\$a7152$b40$c20201124$lBLL01$h0952
=FMT  \\$a  SE
=LAS  \\$a7152$b40$c20201124$lBLL01$h0952
=LET  \0$aSay, "Hello body!" (Print)

