=LDR  00771 as a22002778i 4500
=001  020018104
=003  Uk
=005  20201124113449.0
=007  ta
=008  201027c20209999enkbr\p\\\\\\\0\\\a0eng\\
=022  0\$a2635-0572$202
=040  \\$aUk$beng$cUk$erda
=222  \0$aTechberg$b(Print)
=245  00$aTechberg.
=263  \\$a202012
=264  \1$aBelvedere :$bInstinctWave
=310  \\$aBimonthly
=336  \\$atext$2rdacontent
=337  \\$aunmediated$2rdamedia
=338  \\$avolume$2rdacarrier
=776  08$iAlso issued online as:$tTechberg$x2635-0580
=985  \\$aLDO SERIALS - PLEASE PASS ALL ITEMS RECEIVED TO ISSN UK CENTRE.
=CAT  \\$a11313$b40$c20201124$lBLL01$h1134
=FMT  \\$a  SE
=LAS  \\$a11313$b40$c20201124$lBLL01$h1134
=LET  \0$aTechberg (Print)

