=LDR  00903cas a22002898i 4500
=001  020018257
=003  Uk
=005  20221007111945.0
=007  ta
=008  201124c20209999enkmr\p\\\\\\\0\\\a0eng\\
=022  0\$a2752-3160$202
=040  \\$aUk$beng$cUk$erda
=222  \0$aDollschino London$b(Print)
=245  00$aDollschino London.
=263  \\$a202011
=264  \1$aLondon :$bDollschino Ltd
=310  \\$aMonthly
=336  \\$atext$2rdacontent
=337  \\$aunmediated$2rdamedia
=338  \\$avolume$2rdacarrier
=985  \\$aLDO SERIALS - PLEASE PASS ALL ITEMS RECEIVED TO ISSN UK CENTRE.
=985  \\$aISSN UK Centre: see also online version, ISSN 2752-3179. Please add 776 to both records on completion.
=CAT  \\$a10973$b40$c20201124$lBLL01$h1537
=CAT  \\$a10973$b40$c20221007$lBLL01$h1119
=FMT  \\$a  SE
=LAS  \\$a10973$b40$c20221007$lBLL01$h1119
=LET  \0$aDollschino London (Print)

