=LDR  00815 as a22002898i 4500
=001  020021952
=003  Uk
=005  20201126100755.0
=007  ta
=008  201027c20219999enkqr\p\\\\\\\0\\\a0eng\\
=022  0\$a2635-0599$202
=040  \\$aUk$beng$cUk$erda
=222  \0$aEmez Amaz$b(Print)
=245  00$aEmez Amaz
=263  \\$a202104
=264  \1$aLeeds :$bAdam-Eve
=310  \\$aQuarterly
=336  \\$atext$2rdacontent
=337  \\$aunmediated$2rdamedia
=338  \\$avolume$2rdacarrier
=776  08$iAlso issued online as:$tEmez Amaz$x2635-0602
=985  \\$aLDO SERIALS - PLEASE PASS ALL ITEMS RECEIVED TO ISSN UK CENTRE.
=CAT  \\$a11313$b40$c20201126$lBLL01$h1006
=CAT  \\$a11313$b40$c20201126$lBLL01$h1007
=FMT  \\$a  SE
=LAS  \\$a11313$b40$c20201126$lBLL01$h1007
=LET  \0$aEmez Amaz (Print)

