=LDR  00801 as a22002898i 4500
=001  020032788
=003  Uk
=005  20201208081514.0
=007  ta
=008  201027c20219999enkqr\p\\\\\\\0\\\a0eng\\
=022  0\$a2635-0610$202
=040  \\$aUk$beng$cUk$erda
=222  \0$aETC$b(Qualify. Print)
=245  00$aETC.
=263  \\$a202104
=264  \1$aLeeds :$bAdam-Eve
=310  \\$aQuarterly
=336  \\$atext$2rdacontent
=337  \\$aunmediated$2rdamedia
=338  \\$avolume$2rdacarrier
=776  08$iAlso issued online as:$tETC$x2635-0629
=985  \\$aLDO SERIALS - PLEASE PASS ALL ITEMS RECEIVED TO ISSN UK CENTRE.
=CAT  \\$a11313$b40$c20201208$lBLL01$h0808
=CAT  \\$a11313$b40$c20201208$lBLL01$h0815
=FMT  \\$a  SE
=LAS  \\$a11313$b40$c20201208$lBLL01$h0815
=LET  \0$aETC (Print)

