=LDR  01093cas a22003138i 4500
=001  020036988
=003  Uk
=005  20230127151855.0
=007  ta
=008  201209c20249999enkar\p\\\\\\\0\\\a0eng\\
=022  0\$a2634-2170$202
=040  \\$aUk$beng$cUk$erda
=222  \0$aClinical operations in oncology trials handbook$b(Print)
=245  00$aClinical operations in oncology trials handbook.
=263  \\$a202401
=264  \1$aLondon :$bArena International
=310  \\$aAnnual
=336  \\$atext$2rdacontent
=337  \\$aunmediated$2rdamedia
=338  \\$avolume$2rdacarrier
=985  \\$aISSN UK Centre: see also online version ISSN 2634-2189. Please add 776 to both records on completion.
=985  \\$aLDO SERIALS - PLEASE PASS ALL ITEMS RECEIVED TO ISSN UK CENTRE.
=CAT  \\$a7152$b40$c20201209$lBLL01$h0950
=CAT  \\$a10973$b40$c20220114$lBLL01$h1042
=CAT  \\$a5466D$b40$c20230127$lBLL01$h1518
=CAT  \\$a5466D$b40$c20230127$lBLL01$h1518
=FMT  \\$a  SE
=LAS  \\$a5466D$b40$c20230127$lBLL01$h1518
=LET  \0$aClinical operations in oncology trials handbook (Print)

