=LDR  00795 as a22002778i 4500
=001  020044824
=003  Uk
=005  20201217162743.0
=007  ta
=008  201217c20219999enkqr\p\\\\\\\0\\\a0eng\\
=022  0\$a2752-3543$202
=040  \\$aUk$beng$cUk$erda
=222  \0$aEmerging media$b(Print)
=245  00$aEmerging media.
=263  \\$a202101
=264  \1$aLondon :$bSAGE Publishing
=310  \\$aQuarterly
=336  \\$atext$2rdacontent
=337  \\$aunmediated$2rdamedia
=338  \\$avolume$2rdacarrier
=776  08$iAlso issued online as:$tEmerging media$x2752-3551
=985  \\$aLDO SERIALS - PLEASE PASS ALL ITEMS RECEIVED TO ISSN UK CENTRE.
=CAT  \\$a10973$b40$c20201217$lBLL01$h1627
=FMT  \\$a  SE
=LAS  \\$a10973$b40$c20201217$lBLL01$h1627
=LET  \0$aEmerging media (Print)

