=LDR  00815cas a22002898i 4500
=001  020055787
=003  Uk
=005  20230418120919.0
=007  ta
=008  210104c20219999enkar\p\\\\\\\0\\\a0eng\\
=022  0\$a2752-3616$202
=040  \\$aUk$beng$cUk$erda
=222  \0$aRamadan$b(Qualify. Print)
=245  00$aRamadan.
=263  \\$a202402
=264  \1$aLondon :$bS. Ahmed
=310  \\$aAnnual
=336  \\$atext$2rdacontent
=337  \\$aunmediated$2rdamedia
=338  \\$avolume$2rdacarrier
=776  08$iAlso issued online as:$tRamadan$x2752-3624
=985  \\$aLDO SERIALS - PLEASE PASS ALL ITEMS RECEIVED TO ISSN UK CENTRE.
=CAT  \\$a10973$b40$c20210104$lBLL01$h0724
=CAT  \\$a5466D$b40$c20230418$lBLL01$h1209
=FMT  \\$a  SE
=LAS  \\$a5466D$b40$c20230418$lBLL01$h1209
=LET  \0$aRamadan (Print)

