=LDR  00774 as a22002778i 4500
=001  020067039
=003  Uk
=005  20210119085135.0
=007  ta
=008  201027c20219999enkfr\p\\\\\\\0\\\a0eng\\
=022  0\$a2635-0734$202
=040  \\$aUk$beng$cUk$erda
=222  \4$aThe Magi$b(Print)
=245  04$aThe Magi.
=263  \\$a202104
=264  \1$aBerkhamsted :$bShin Publiations
=310  \\$aSemiannual
=336  \\$atext$2rdacontent
=337  \\$aunmediated$2rdamedia
=338  \\$avolume$2rdacarrier
=776  08$iAlso issued online as:$tMagi$x2635-0742
=985  \\$aLDO SERIALS - PLEASE PASS ALL ITEMS RECEIVED TO ISSN UK CENTRE.
=CAT  \\$a11313$b40$c20210119$lBLL01$h0851
=FMT  \\$a  SE
=LAS  \\$a11313$b40$c20210119$lBLL01$h0851
=LET  \4$aThe Magi (Print)

