=LDR  00798 as a22002778i 4500
=001  020067043
=003  Uk
=005  20210119094117.0
=007  ta
=008  201027c20219999nikfr\p\\\\\\\0\\\a0eng\\
=022  0\$a2635-0750$202
=040  \\$aUk$beng$cUk$erda
=222  \0$aIrish takeaway$b(Print)
=245  00$aIrish takeaway.
=263  \\$a202103
=264  \1$aLisburn :$bNI Media Limited
=310  \\$aSemiannual
=336  \\$atext$2rdacontent
=337  \\$aunmediated$2rdamedia
=338  \\$avolume$2rdacarrier
=776  08$iAlso issued online as:$tIrish takeaway$x2635-0769
=985  \\$aLDO SERIALS - PLEASE PASS ALL ITEMS RECEIVED TO ISSN UK CENTRE.
=CAT  \\$a11313$b40$c20210119$lBLL01$h0941
=FMT  \\$a  SE
=LAS  \\$a11313$b40$c20210119$lBLL01$h0941
=LET  \0$aIrish takeaway (Print)

