=LDR  01053 as a22002898i 4500
=001  020068582
=003  Uk
=005  20210120125433.0
=007  ta
=008  210120c20229999stkar\p\\\\\\\1\\\a0eng\\
=022  0\$a2752-3985$202
=040  \\$aUk$beng$cUk$erda
=222  \0$aInternational conference on health monitoring of civil & maritime structures
=245  00$aInternational conference on health monitoring of civil & maritime structures.
=246  3\$aInternational conference on health monitoring of civil and maritime structures
=246  13$aHeaMES
=263  \\$a202206
=264  \1$aGlasgow :$bP. Das
=310  \\$aAnnual
=336  \\$atext$2rdacontent
=337  \\$aunmediated$2rdamedia
=338  \\$avolume$2rdacarrier
=985  \\$aISSN UK Centre: the 2022 conference will be the 3rd conference held, no proceedings published for the first two conferences.
=985  \\$aLDO SERIALS - PLEASE PASS ALL ITEMS RECEIVED TO ISSN UK CENTRE.
=CAT  \\$a10973$b40$c20210120$lBLL01$h1254
=FMT  \\$a  SE
=LAS  \\$a10973$b40$c20210120$lBLL01$h1254

