=LDR  01428cas a22003738i 4500
=001  020073880
=003  Uk
=005  20230316134423.0
=007  ta
=008  210120c20119999stk\x\p\\\\\\\0\\\a0eng\\
=022  0\$a2752-3993$202
=040  \\$aUk$beng$cUk$erda
=222  \0$aSERA researching education bulletin$b(Print)
=245  00$aSERA researching education bulletin.
=246  3\$aScottish Educational Research Association researching education bulletin
=246  30$aResearching education bulletin
=263  \\$a202106
=264  \1$aGlasgow :$bSERA
=310  \\$aIrregular
=336  \\$atext$2rdacontent
=337  \\$aunmediated$2rdamedia
=338  \\$avolume$2rdacarrier
=985  \\$aISSN Suppressed 16.03.2023. Never published in print
=985  \\$aISSN record only. Please do not merge this record. Do not add items
=985  \\$aISSN UK Centre: see also online version ISSN 2752-4000. Please add 776 to both records on completion.
=985  \\$aISSN UK Centre: print version in existence - assigned as pre-pub due to Covid restrictions.
=985  \\$aLDO SERIALS - PLEASE PASS ALL ITEMS RECEIVED TO ISSN UK CENTRE.
=CAT  \\$a10973$b40$c20210120$lBLL01$h1533
=CAT  \\$a10973$b40$c20210120$lBLL01$h1539
=CAT  \\$a5466D$b40$c20230316$lBLL01$h1344
=FMT  \\$a  SE
=LAS  \\$a5466D$b40$c20230316$lBLL01$h1344
=LET  \0$aSERA researching education bulletin (Print)
=STA  \\$aSUPPRESSED$bISSN

