=LDR  00724 as a22002658i 4500
=001  020078977
=003  Uk
=005  20210125151402.0
=007  ta
=008  210125c20219999enkwr\p\\\\\\\0\\\a0eng\\
=022  0\$a2752-4078$202
=040  \\$aUk$beng$cUk$erda
=222  \0$aMid Devon weekly
=245  00$aMid Devon weekly.
=263  \\$a202103
=264  \1$aNorwich :$bArchant
=310  \\$aWeekly
=336  \\$atext$2rdacontent
=337  \\$aunmediated$2rdamedia
=338  \\$avolume$2rdacarrier
=985  \\$aLDO SERIALS - PLEASE PASS ALL ITEMS RECEIVED TO ISSN UK CENTRE.
=CAT  \\$a10973$b40$c20210125$lBLL01$h1512
=CAT  \\$a10973$b40$c20210125$lBLL01$h1514
=FMT  \\$a  SE
=LAS  \\$a10973$b40$c20210125$lBLL01$h1514

