=LDR  00973cas a22003138i 4500
=001  020079019
=003  Uk
=005  20230320154559.0
=007  ta
=008  210125c20219999enkbr\p\\\\\\\0\\\a0eng\\
=022  0\$a2752-4094$202
=040  \\$aUk$beng$cUk$erda
=222  \0$aCharter yacht magazine$b(Print)
=245  00$aCharter yacht magazine.
=263  \\$a202309
=264  \1$aSouthampton :$b24hrs Ltd
=310  \\$aBimonthly
=336  \\$atext$2rdacontent
=337  \\$aunmediated$2rdamedia
=338  \\$avolume$2rdacarrier
=776  08$iAlso issued online as:$tCharter yacht magazine$x2752-4108
=985  \\$aLDO SERIALS - PLEASE PASS ALL ITEMS RECEIVED TO ISSN UK CENTRE.
=CAT  \\$a10973$b40$c20210125$lBLL01$h1811
=CAT  \\$a11130$b40$c20210511$lBLL01$h1245
=CAT  \\$a5466D$b40$c20230320$lBLL01$h1545
=CAT  \\$a5466D$b40$c20230320$lBLL01$h1545
=FMT  \\$a  SE
=LAS  \\$a5466D$b40$c20230320$lBLL01$h1545
=LET  \0$aCharter yacht magazine (Print)

