=LDR  00683 as a22002538i 4500
=001  020079282
=003  Uk
=005  20210126070015.0
=007  ta
=008  210126c20219999enkfr\p\\\\\\\0\\\a0eng\\
=022  0\$a2752-4124$202
=040  \\$aUk$beng$cUk$erda
=222  \0$aNorth riding$b(Qualify)
=245  00$aNorth riding.
=263  \\$a202104
=264  \1$aWhitby :$bJ. Taylor
=310  \\$aSemiannual
=336  \\$atext$2rdacontent
=337  \\$aunmediated$2rdamedia
=338  \\$avolume$2rdacarrier
=985  \\$aLDO SERIALS - PLEASE PASS ALL ITEMS RECEIVED TO ISSN UK CENTRE.
=CAT  \\$a10973$b40$c20210126$lBLL01$h0700
=FMT  \\$a  SE
=LAS  \\$a10973$b40$c20210126$lBLL01$h0700

