=LDR  00809 as a22002778i 4500
=001  020088620
=003  Uk
=005  20210128114348.0
=007  ta
=008  201027c20219999enkwr\p\\\\\\\0\\\a0eng\\
=022  0\$a2635-084X$202
=040  \\$aUk$beng$cUk$erda
=222  \0$aTill the last breath$b(Print)
=245  00$aTill the last breath.
=263  \\$a202104
=264  \1$aDerby :$bP. Marufu
=310  \\$aWeekly
=336  \\$atext$2rdacontent
=337  \\$aunmediated$2rdamedia
=338  \\$avolume$2rdacarrier
=776  08$iAlso issued online as:$tTill the last breath$x2635-0858
=985  \\$aLDO SERIALS - PLEASE PASS ALL ITEMS RECEIVED TO ISSN UK CENTRE.
=CAT  \\$a11313$b40$c20210128$lBLL01$h1143
=FMT  \\$a  SE
=LAS  \\$a11313$b40$c20210128$lBLL01$h1143
=LET  \0$aTill the last breath (Print)

