=LDR  00664 as a22002538i 4500
=001  020088657
=003  Uk
=005  20210128144138.0
=007  ta
=008  210128c20219999enkar\p\\\\\\\0\\\a0eng\\
=022  0\$a2752-423X$202
=040  \\$aUk$beng$cUk$erda
=222  \0$aFall$b(Qualify)
=245  00$aFall.
=263  \\$a202103
=264  \1$aLondon :$bM. Maxwell
=310  \\$aAnnual
=336  \\$atext$2rdacontent
=337  \\$aunmediated$2rdamedia
=338  \\$avolume$2rdacarrier
=985  \\$aLDO SERIALS - PLEASE PASS ALL ITEMS RECEIVED TO ISSN UK CENTRE.
=CAT  \\$a10973$b40$c20210128$lBLL01$h1441
=FMT  \\$a  SE
=LAS  \\$a10973$b40$c20210128$lBLL01$h1441

