=LDR  00864 as a22002778i 4500
=001  020099923
=003  Uk
=005  20210205105314.0
=007  ta
=008  210205c20219999enkmr\p\\\\\\\0\\\a0eng\\
=022  0\$a2634-2316$202
=040  \\$aUk$beng$cUk$erda
=222  \0$aGo classics
=245  00$aGo classics.
=263  \\$a202106
=264  \1$aVange :$bA. Anderson
=310  \\$aMonthly
=336  \\$atext$2rdacontent
=337  \\$aunmediated$2rdamedia
=338  \\$avolume$2rdacarrier
=985  \\$aCheck publisher statement when completing, publisher may use the magazine name or a company name, not his personal name. ISSN UK Centre, 5.1.2021
=985  \\$aLDO SERIALS - PLEASE PASS ALL ITEMS RECEIVED TO ISSN UK CENTRE.
=CAT  \\$a7152$b40$c20210205$lBLL01$h1053
=FMT  \\$a  SE
=LAS  \\$a7152$b40$c20210205$lBLL01$h1053
=LET  \0$aGo classics (Print)

