=LDR  01340 as a22003018i 4500
=001  020100013
=003  Uk
=005  20210205143610.0
=007  ta
=008  210205c20189999enkar\p\\\\\\\0\\\a0eng\\
=022  0\$a2752-440X$202
=040  \\$aUk$beng$cUk$erda
=222  \0$aPassenger ship interior & refurbishment review$b(Print)
=245  00$aPassenger ship interior & refurbishment review.
=246  3\$aPassenger ship interior and refurbishment review
=263  \\$a202104
=264  \1$aEnfield :$bRiviera Maritime Media
=310  \\$aAnnual
=336  \\$atext$2rdacontent
=337  \\$aunmediated$2rdamedia
=338  \\$avolume$2rdacarrier
=985  \\$aISSN UK Centre: in existence - ISSN assigned as provisional number due to Covid/lockdown restrictions. Issues for 2018 and 2019 have been recorded as supplements on 'Passenger ship technology' and need to be recalled.
=985  \\$aISSN UK Centre: please see online version, ISSN 2752-4418 and add 776 to both records on completion. Also supplement to Passenger ship technology, ISSN 1758-7255, please add 77X to both records.
=985  \\$aLDO SERIALS - PLEASE PASS ALL ITEMS RECEIVED TO ISSN UK CENTRE.
=CAT  \\$a10973$b40$c20210205$lBLL01$h1436
=FMT  \\$a  SE
=LAS  \\$a10973$b40$c20210205$lBLL01$h1436
=LET  \0$aPassenger ship interior & refurbishment review (Print)

