=LDR  00868cas a22002898i 4500
=001  020100033
=003  Uk
=005  20230412124117.0
=007  ta
=008  210205c20219999enktr\p\\\\\\\0\\\a0eng\\
=022  0\$a2752-4442$202
=040  \\$aUk$beng$cUk$erda
=222  \0$aUrban music studies$b(Print)
=245  00$aUrban music studies.
=263  \\$a202311
=264  \1$aBristol :$bIntellect
=310  \\$aThree times a year
=336  \\$atext$2rdacontent
=337  \\$aunmediated$2rdamedia
=338  \\$avolume$2rdacarrier
=776  08$iAlso issued online as:$tUrban music studies$x2752-4450
=985  \\$aLDO SERIALS - PLEASE PASS ALL ITEMS RECEIVED TO ISSN UK CENTRE.
=CAT  \\$a10973$b40$c20210205$lBLL01$h1553
=CAT  \\$a5466D$b40$c20230412$lBLL01$h1241
=FMT  \\$a  SE
=LAS  \\$a5466D$b40$c20230412$lBLL01$h1241
=LET  \0$aUrban music studies (Print)

