=LDR  00843 as a22002778i 4500
=001  020100036
=003  Uk
=005  20210205160011.0
=007  ta
=008  210205c20219999enkar\p\\\\\\\0\\\a0eng\\
=022  0\$a2752-4469$202
=040  \\$aUk$beng$cUk$erda
=222  \0$aUnmade cinema and television$b(Print)
=245  00$aUnmade cinema and television.
=263  \\$a202102
=264  \1$aBristol :$bIntellect
=310  \\$aAnnual
=336  \\$atext$2rdacontent
=337  \\$aunmediated$2rdamedia
=338  \\$avolume$2rdacarrier
=776  08$iAlso issued online as:$tUnmade cinema and television$x2752-4477
=985  \\$aLDO SERIALS - PLEASE PASS ALL ITEMS RECEIVED TO ISSN UK CENTRE.
=CAT  \\$a10973$b40$c20210205$lBLL01$h1600
=FMT  \\$a  SE
=LAS  \\$a10973$b40$c20210205$lBLL01$h1600
=LET  \0$aUnmade cinema and television (Print)

