=LDR  01058 as a22002898i 4500
=001  020101434
=003  Uk
=005  20210208084708.0
=007  ta
=008  210208c20229999enktr\p\\\\\\\0\\\a0eng\\
=022  0\$a2752-4515$202
=040  \\$aUk$beng$cUk$erda
=222  \0$aBCMCR new directions in media and cultural research$b(Print)
=245  00$aBCMCR new directions in media and cultural research
=246  3\$aBirmingham Centre for Media and Cultural Research new directions in media and cultural research
=263  \\$a202205
=264  \1$aBristol :$bIntellect
=310  \\$aThree times a year
=336  \\$atext$2rdacontent
=337  \\$aunmediated$2rdamedia
=338  \\$avolume$2rdacarrier
=776  08$iAlso issued online as:$tBCMCR new directions in media and cultural research$x2752-4523
=985  \\$aLDO SERIALS - PLEASE PASS ALL ITEMS RECEIVED TO ISSN UK CENTRE.
=CAT  \\$a10973$b40$c20210208$lBLL01$h0847
=FMT  \\$a  SE
=LAS  \\$a10973$b40$c20210208$lBLL01$h0847
=LET  \0$aBCMCR new directions in media and cultural research (Print)

