=LDR  00782 as a22002778i 4500
=001  020101665
=003  Uk
=005  20210209064545.0
=007  ta
=008  210209c20219999enkfr\p\\\\\\\0\\\a0eng\\
=022  0\$a2752-4531$202
=040  \\$aUk$beng$cUk$erda
=222  \0$aPerfect$b(Qualify. Print)
=245  00$aPerfect.
=263  \\$a202103
=264  \1$aLondon :$bThe Perfect Magazine
=310  \\$aSemiannual
=336  \\$atext$2rdacontent
=337  \\$aunmediated$2rdamedia
=338  \\$avolume$2rdacarrier
=776  08$iAlso issued online as:$tPerfect$x2752-454X
=985  \\$aLDO SERIALS - PLEASE PASS ALL ITEMS RECEIVED TO ISSN UK CENTRE.
=CAT  \\$a10973$b40$c20210209$lBLL01$h0645
=FMT  \\$a  SE
=LAS  \\$a10973$b40$c20210209$lBLL01$h0645
=LET  \0$aPerfect (Print)

