=LDR  00875 as a22002778i 4500
=001  020104886
=003  Uk
=005  20210210163458.0
=007  ta
=008  210210c20219999enkbr\p\\\\\\\0\\\a0eng\\
=022  0\$a2752-4582$202
=040  \\$aUk$beng$cUk$erda
=222  \0$aDaily motivational Bible scriptures$b(Print)
=245  00$aDaily motivational Bible scriptures.
=263  \\$a202103
=264  \1$aBirmingham :$bC. Ikem
=310  \\$aBimonthly
=336  \\$atext$2rdacontent
=337  \\$aunmediated$2rdamedia
=338  \\$avolume$2rdacarrier
=776  08$iAlso issued online as:$tDaily motivational Bible scriptures$x2752-4590
=985  \\$aLDO SERIALS - PLEASE PASS ALL ITEMS RECEIVED TO ISSN UK CENTRE.
=CAT  \\$a10973$b40$c20210210$lBLL01$h1634
=FMT  \\$a  SE
=LAS  \\$a10973$b40$c20210210$lBLL01$h1634
=LET  \0$aDaily motivational Bible scriptures (Print)

