=LDR  00827 as a22002658i 4500
=001  020104896
=003  Uk
=005  20210210164430.0
=007  ta
=008  210210c20219999enktx\p\\\\\\\0\\\a0eng\\
=022  0\$a2752-4604$202
=040  \\$aUk$beng$cUk$erda
=222  \0$aBob the Builder special$b(Qualify)
=245  00$aBob the Builder special.
=263  \\$a202103
=264  \1$aBristol :$bKennedy Publishing
=310  \\$aThree issues a year
=336  \\$atext$2rdacontent
=337  \\$aunmediated$2rdamedia
=338  \\$avolume$2rdacarrier
=985  \\$aISSN UK Centre: three seasonal specials a year, Easter, Summer and Winter are planned.
=985  \\$aLDO SERIALS - PLEASE PASS ALL ITEMS RECEIVED TO ISSN UK CENTRE.
=CAT  \\$a10973$b40$c20210210$lBLL01$h1644
=FMT  \\$a  SE
=LAS  \\$a10973$b40$c20210210$lBLL01$h1644

