=LDR  00950cas a22003138i 4500
=001  020105165
=003  Uk
=005  20220825131650.0
=007  ta
=008  201027c20219999enktr\p\\\\\\\0\\\a0eng\\
=022  0\$a2635-0912$202
=040  \\$aUk$beng$cUk$erda
=222  \0$aInSPIRE FE$b(Print).
=245  04$aInSPIRE FE.
=263  \\$a202103
=264  \1$aBolton :$bUniversity of Bolton
=310  \\$aThree issues yearly
=336  \\$atext$2rdacontent
=337  \\$aunmediated$2rdamedia
=338  \\$avolume$2rdacarrier
=985  \\$aLDO SERIALS - PLEASE PASS ALL ITEMS RECEIVED TO ISSN UK CENTRE.
=985  \\$aPlease link to ISSN 2635-0920 (Online) on completion.
=CAT  \\$a11313$b40$c20210211$lBLL01$h1241
=CAT  \\$a11313$b40$c20210211$lBLL01$h1242
=CAT  \\$a11205$b40$c20220823$lBLL01$h1157
=CAT  \\$a10806$b40$c20220825$lBLL01$h1316
=FMT  \\$a  SE
=LAS  \\$a10806$b40$c20220825$lBLL01$h1316
=LET  \0$aInSPIRE FE (Print)

