=LDR  01148cas a22003378i 4500
=001  020105169
=003  Uk
=005  20230208110445.0
=007  ta
=008  201027c20219999enkmr\p\\\\\\\0\\\a0eng\\
=022  0\$a2635-0939$202
=040  \\$aUk$beng$cUk$erda
=222  \0$aTEACH - Journal of Christian studies$b(Print)
=245  04$aTEACH - Journal of Christian studies.
=263  \\$a202103
=264  \1$aLondon :$bTEACH Publishing
=310  \\$aMonthly
=336  \\$atext$2rdacontent
=337  \\$aunmediated$2rdamedia
=338  \\$avolume$2rdacarrier
=985  \\$aISSN Suppressed 08.02.2023. No evidence of publication.
=985  \\$aISSN record only. Please do not merge this record. Do not add items.
=985  \\$aLDO SERIALS - PLEASE PASS ALL ITEMS RECEIVED TO ISSN UK CENTRE.
=985  \\$aTEACH = The European Academy for Coptic Heritage.
=CAT  \\$a11313$b40$c20210211$lBLL01$h1313
=CAT  \\$a11313$b40$c20210211$lBLL01$h1316
=CAT  \\$a5466D$b40$c20230208$lBLL01$h1104
=FMT  \\$a  SE
=LAS  \\$a5466D$b40$c20230208$lBLL01$h1104
=LET  \0$aTEACH - Journal of Christian studies (Print)
=STA  \\$aSUPPRESSED$bISSN

