=LDR  00866 as a22002778i 4500
=001  020106291
=003  Uk
=005  20210215072622.0
=007  ta
=008  210215c20229999enk\x\p\\\\\\\0\\\a0eng\\
=022  0\$a2752-4612$202
=040  \\$aUk$beng$cUk$erda
=222  \0$aContemporary social issues$b(Qualify. Print)
=245  00$aContemporary social issues.
=263  \\$a202212
=264  \1$aCambridge :$bCambridge University Press
=310  \\$aIrregular
=336  \\$atext$2rdacontent
=337  \\$aunmediated$2rdamedia
=338  \\$avolume$2rdacarrier
=776  08$iAlso issued online as:$tContemporary social issues$x2752-4620
=985  \\$aLDO SERIALS - PLEASE PASS ALL ITEMS RECEIVED TO ISSN UK CENTRE.
=CAT  \\$a10973$b40$c20210215$lBLL01$h0726
=FMT  \\$a  SE
=LAS  \\$a10973$b40$c20210215$lBLL01$h0726
=LET  \0$aContemporary social issues (Print)

