=LDR  01032cas a22003018i 4500
=001  020115855
=003  Uk
=005  20220408124855.0
=007  ta
=008  210225c20229999enkqr\p\\\\\\\0\\\a0eng\\
=022  0\$a2634-2340$202
=040  \\$aUk$beng$cUk$erda
=222  \0$aMeantime
=245  00$aMeantime.
=263  \\$a202209
=264  \1$aSleaford :$bThe Silent Academy
=310  \\$aQuarterly
=336  \\$atext$2rdacontent
=337  \\$aunmediated$2rdamedia
=338  \\$avolume$2rdacarrier
=985  \\$aEmail correspondence with publisher regarding location, seriality, publisher statement - ask in ISSN UK Centre if require further information about publication when completing ISSN. ISSN UK Centre, SB. 25.2.2021
=985  \\$aLDO SERIALS - PLEASE PASS ALL ITEMS RECEIVED TO ISSN UK CENTRE.
=CAT  \\$a7152$b40$c20210225$lBLL01$h1416
=CAT  \\$a11130$b40$c20210930$lBLL01$h0928
=CAT  \\$a10973$b40$c20220408$lBLL01$h1248
=FMT  \\$a  SE
=LAS  \\$a10973$b40$c20220408$lBLL01$h1248
=LET  \0$aMeantime (Print)

