=LDR  00902 as a22002898i 4500
=001  020116021
=003  Uk
=005  20210519113137.0
=007  ta
=008  210226c20229999enkmr\p\\\\\\\0\\\a0eng\\
=022  0\$a2752-5104$202
=040  \\$aUk$beng$cUk$erda
=222  \0$aYour wordsearch selection
=245  00$aYour wordsearch selection.
=246  3\$aYour word search selection
=263  \\$a202201
=264  \1$aLondon :$bKeesing Media UK
=310  \\$aMonthly
=336  \\$atext$2rdacontent
=337  \\$aunmediated$2rdamedia
=338  \\$avolume$2rdacarrier
=985  \\$aLDO SERIALS - PLEASE PASS ALL ITEMS RECEIVED TO ISSN UK CENTRE.
=985  \\$aEmail correspondence with publisher, due date put back to beg 2022. ISSN UK Centre, 19.5.2021
=CAT  \\$a10973$b40$c20210226$lBLL01$h1515
=CAT  \\$a7152$b40$c20210519$lBLL01$h1131
=FMT  \\$a  SE
=LAS  \\$a7152$b40$c20210519$lBLL01$h1131

