=LDR  00694 as a22002538i 4500
=001  020116025
=003  Uk
=005  20210226154420.0
=007  ta
=008  210226c20219999enkmr\p\\\\\\\0\\\a0eng\\
=022  0\$a2752-5120$202
=040  \\$aUk$beng$cUk$erda
=222  \0$aYour sudoku selection
=245  00$aYour sudoku selection.
=263  \\$a202104
=264  \1$aLondon :$bKeesing Media UK
=310  \\$aMonthly
=336  \\$atext$2rdacontent
=337  \\$aunmediated$2rdamedia
=338  \\$avolume$2rdacarrier
=985  \\$aLDO SERIALS - PLEASE PASS ALL ITEMS RECEIVED TO ISSN UK CENTRE.
=CAT  \\$a10973$b40$c20210226$lBLL01$h1544
=FMT  \\$a  SE
=LAS  \\$a10973$b40$c20210226$lBLL01$h1544

