=LDR  00702 as a22002538i 4500
=001  020119121
=003  Uk
=005  20210302081825.0
=007  ta
=008  210302c20219999enk\x\p\\\\\\\0\\\a0eng\\
=022  0\$a2752-5198$202
=040  \\$aUk$beng$cUk$erda
=222  \0$aMake bake cook eat
=245  00$aMake bake cook eat.
=263  \\$a202103
=264  \1$aLondon :$bLinda Greenwall & Associates
=310  \\$aIrregular
=336  \\$atext$2rdacontent
=337  \\$aunmediated$2rdamedia
=338  \\$avolume$2rdacarrier
=985  \\$aLDO SERIALS - PLEASE PASS ALL ITEMS RECEIVED TO ISSN UK CENTRE.
=CAT  \\$a10973$b40$c20210302$lBLL01$h0818
=FMT  \\$a  SE
=LAS  \\$a10973$b40$c20210302$lBLL01$h0818

