=LDR  00713 as a22002658i 4500
=001  020137362
=003  Uk
=005  20210319122319.0
=007  ta
=008  210319c20219999enkqr\p\\\\\\\0\\\a0eng\\
=022  0\$a2752-5376$202
=040  \\$aUk$beng$cUk$erda
=222  \0$aCrypgo
=245  00$aCrypgo.
=263  \\$a202104
=264  \1$aBuckingham :$bB Sullivan
=310  \\$aQuarterly
=336  \\$atext$2rdacontent
=337  \\$aunmediated$2rdamedia
=338  \\$avolume$2rdacarrier
=985  \\$aLDO SERIALS - PLEASE PASS ALL ITEMS RECEIVED TO ISSN UK CENTRE.
=CAT  \\$a10973$b40$c20210319$lBLL01$h1222
=CAT  \\$a10973$b40$c20210319$lBLL01$h1223
=FMT  \\$a  SE
=LAS  \\$a10973$b40$c20210319$lBLL01$h1223

