=LDR  00682 as a22002538i 4500
=001  020142708
=003  Uk
=005  20210324111533.0
=007  ta
=008  210324c20219999enkar\p\\\\\\\0\\\a0eng\\
=022  0\$a2752-5511$202
=040  \\$aUk$beng$cUk$erda
=222  \0$aGet into biking
=245  00$aGet into biking.
=263  \\$a202105
=264  \1$aPeterborough :$bBauer Media
=310  \\$aAnnual
=336  \\$atext$2rdacontent
=337  \\$aunmediated$2rdamedia
=338  \\$avolume$2rdacarrier
=985  \\$aLDO SERIALS - PLEASE PASS ALL ITEMS RECEIVED TO ISSN UK CENTRE.
=CAT  \\$a10973$b40$c20210324$lBLL01$h1115
=FMT  \\$a  SE
=LAS  \\$a10973$b40$c20210324$lBLL01$h1115

