=LDR  00978 as a22002778i 4500
=001  020160329
=003  Uk
=005  20210415093211.0
=007  ta
=008  210415c20219999enkar\p\\\\\\\0\\\a0eng\\
=022  0\$a2752-5791$202
=040  \\$aUk$beng$cUk$erda
=222  \4$aThe rules of interpretation of customary international law$b(Print)
=245  04$aThe rules of interpretation of customary international law.
=263  \\$a202111
=264  \1$aCambridge :$bCambridge University Press
=310  \\$aAnnual
=336  \\$atext$2rdacontent
=337  \\$aunmediated$2rdamedia
=338  \\$avolume$2rdacarrier
=776  08$iAlso issued online as:$tRules of interpretation of customary international law$x2752-5805
=985  \\$aLDO SERIALS - PLEASE PASS ALL ITEMS RECEIVED TO ISSN UK CENTRE.
=CAT  \\$a10973$b40$c20210415$lBLL01$h0932
=FMT  \\$a  SE
=LAS  \\$a10973$b40$c20210415$lBLL01$h0932
=LET  \4$aThe rules of interpretation of customary international law (Print)

