=LDR  00975cas a22003018i 4500
=001  020160404
=003  Uk
=005  20220819073206.0
=007  ta
=008  210415c20219999enkqr\p\\\\\\\0\\\a0eng\\
=022  0\$a2752-5902$202
=040  \\$aUk$beng$cUk$erda
=222  \0$aInclusive practices$b(Print)
=245  00$aInclusive practices.
=263  \\$a202102
=264  \1$aThousand Oaks :$bSAGE Publishing
=310  \\$aQuarterly
=336  \\$atext$2rdacontent
=337  \\$aunmediated$2rdamedia
=338  \\$avolume$2rdacarrier
=985  \\$aLDO SERIALS - PLEASE PASS ALL ITEMS RECEIVED TO ISSN UK CENTRE.
=985  \\$aISSN UK Centre: see also online format version, ISSN 2732-4745. Please add 776 to both records on completion.
=CAT  \\$a10973$b40$c20210415$lBLL01$h1251
=CAT  \\$a10973$b40$c20210415$lBLL01$h1253
=CAT  \\$a10973$b40$c20220819$lBLL01$h0732
=FMT  \\$a  SE
=LAS  \\$a10973$b40$c20220819$lBLL01$h0732
=LET  \0$aInclusive practices (Print)

