=LDR  00820 as a22002778i 4500
=001  020160439
=003  Uk
=005  20210415143219.0
=007  ta
=008  210415c20259999stkmr\p\\\\\\\0\\\a0eng\\
=022  0\$a2752-5929$202
=040  \\$aUk$beng$cUk$erda
=222  \0$aPaediatric oncology$b(Qualify. Print)
=245  00$aPaediatric oncology.
=263  \\$a202501
=264  \1$aAberdeen :$bJ. Cornwell
=310  \\$aMonthly
=336  \\$atext$2rdacontent
=337  \\$aunmediated$2rdamedia
=338  \\$avolume$2rdacarrier
=776  08$iAlso issued online as:$tPaediatric oncology$x2752-5937
=985  \\$aLDO SERIALS - PLEASE PASS ALL ITEMS RECEIVED TO ISSN UK CENTRE.
=CAT  \\$a10973$b40$c20210415$lBLL01$h1432
=FMT  \\$a  SE
=LAS  \\$a10973$b40$c20210415$lBLL01$h1432
=LET  \0$aPaediatric oncology (Print)

