=LDR  00960cas a22002898i 4500
=001  020167234
=003  Uk
=005  20211206100733.0
=007  ta
=008  210421c20219999enkbr\p\\\\\\\0\\\a0eng\\
=022  0\$a2754-0588$202
=040  \\$aUk$beng$cUk$erda
=222  \0$aWay out wedding magazine
=245  00$aWay out wedding magazine.
=263  \\$a202106
=264  \1$aLonglevens, Gloucester :$bWay Out Wedding Limited
=310  \\$aBimonthly
=336  \\$atext$2rdacontent
=337  \\$aunmediated$2rdamedia
=338  \\$avolume$2rdacarrier
=985  \\$aLDO SERIALS - PLEASE PASS ALL ITEMS RECEIVED TO ISSN UK CENTRE.
=985  \\$aISSN 2754-0596 (Online) cancelled prior to publication - no plans to produce digital version - correspondence, 06/12/21.
=CAT  \\$a10806$b40$c20210421$lBLL01$h0816
=CAT  \\$a10806$b40$c20211206$lBLL01$h1007
=FMT  \\$a  SE
=LAS  \\$a10806$b40$c20211206$lBLL01$h1007
=LET  \0$aWay out wedding magazine (Print)

