=LDR  01085cas a22003138i 4500
=001  020167306
=003  Uk
=005  20230420093154.0
=007  ta
=008  210421c20219999enkfr\p\\\\\\\0\\\a0eng\\
=022  0\$a2752-6011$202
=040  \\$aUk$beng$cUk$erda
=222  \0$aAfrican journal of democracy and election research$b(Print)
=245  00$aAfrican journal of democracy and election research.
=246  13$aAJDER
=263  \\$a202106
=264  \1$aLondon :$bAdonis & Abbey Publishers Ltd
=310  \\$aSemiannual
=336  \\$atext$2rdacontent
=337  \\$aunmediated$2rdamedia
=338  \\$avolume$2rdacarrier
=985  \\$aLDO SERIALS - PLEASE PASS ALL ITEMS RECEIVED TO ISSN UK CENTRE.
=985  \\$aISSN UK Centre: see also online version, 2752-602X, Please add 776 to both records on completion.
=CAT  \\$a10973$b40$c20210421$lBLL01$h1007
=CAT  \\$a8483$b40$c20230420$lBLL01$h0839
=CAT  \\$a10973$b40$c20230420$lBLL01$h0931
=FMT  \\$a  SE
=LAS  \\$a10973$b40$c20230420$lBLL01$h0931
=LET  \0$aAfrican journal of democracy and election research (Print)

