=LDR  00718 as a22002538i 4500
=001  020175162
=003  Uk
=005  20210429130710.0
=007  ta
=008  210429c20219999enktr\p\\\\\\\0\\\a0eng\\
=022  0\$a2752-6178$202
=040  \\$aUk$beng$cUk$erda
=222  \0$aPractical land rover
=245  00$aPractical land rover.
=263  \\$a202109
=264  \1$aBourne :$bWarners Group Publications plc
=310  \\$aThree issues a year
=336  \\$atext$2rdacontent
=337  \\$aunmediated$2rdamedia
=338  \\$avolume$2rdacarrier
=985  \\$aLDO SERIALS - PLEASE PASS ALL ITEMS RECEIVED TO ISSN UK CENTRE.
=CAT  \\$a10973$b40$c20210429$lBLL01$h1307
=FMT  \\$a  SE
=LAS  \\$a10973$b40$c20210429$lBLL01$h1307

