=LDR  00879 as a22002778i 4500
=001  020186916
=003  Uk
=005  20210511103125.0
=007  ta
=008  210511c20219999enkbx\p\\\\\\\0\\\a0eng\\
=022  0\$a2754-7086$202
=040  \\$aUk$beng$cUk$erda
=222  \0$aElements in Islam and science$b(Print)
=245  00$aElements in Islam and science.
=263  \\$a202112
=264  \1$aCambridge :$bCambridge University Press
=310  \\$aEight issues yearly
=336  \\$atext$2rdacontent
=337  \\$aunmediated$2rdamedia
=338  \\$avolume$2rdacarrier
=776  08$iAlso issued online as:$tElements in Islam and science$x2754-7094
=985  \\$aLDO SERIALS - PLEASE PASS ALL ITEMS RECEIVED TO ISSN UK CENTRE.
=CAT  \\$a11313$b40$c20210511$lBLL01$h1031
=FMT  \\$a  SE
=LAS  \\$a11313$b40$c20210511$lBLL01$h1031
=LET  \0$aElements in Islam and science (Print)

