=LDR  01052 as a22002898i 4500
=001  020189782
=003  Uk
=005  20210512112237.0
=007  ta
=008  210512c20219999enkar\p\\\\\\\0\\\a0eng\\
=022  0\$a2752-6291$202
=040  \\$aUk$beng$cUk$erda
=222  \0$aRakes sense
=245  00$aRakes sense.
=263  \\$a202106
=264  \1$aBromley :$bLoxley Gaiger Ltd
=310  \\$aAnnual
=336  \\$atext$2rdacontent
=337  \\$aunmediated$2rdamedia
=338  \\$avolume$2rdacarrier
=985  \\$aISSN UK Centre: supplement to ISSN 2398-435X, Rakesprogress. Please add 77X as required.
=985  \\$aISSN UK Centre: first issue was sold as a supplement in 2019 'bound with' issue 10 of Rakesprogress - awaiting info from publisher if it was actually bound into the item or just issued with it. 12/5/21 DLW.
=985  \\$aLDO SERIALS - PLEASE PASS ALL ITEMS RECEIVED TO ISSN UK CENTRE.
=CAT  \\$a10973$b40$c20210512$lBLL01$h1117
=CAT  \\$a10973$b40$c20210512$lBLL01$h1122
=FMT  \\$a  SE
=LAS  \\$a10973$b40$c20210512$lBLL01$h1122

