=LDR  01916cas a22004218i 4500
=001  020190445
=003  Uk
=005  20230210011511.0
=007  ta
=008  210513c20229999enkar\p\\\\\\\0\\\a0eng\\
=022  0\$a2752-6399$202
=040  \\$aUk$beng$cUk$erda
=222  \0$aAfrica bibliography research and documentation$b(Print)
=245  00$aAfrica bibliography research and documentation.
=263  \\$a202211
=264  \1$aCambridge :$bCambridge University Press
=310  \\$aAnnual
=336  \\$atext$2rdacontent
=337  \\$aunmediated$2rdamedia
=338  \\$avolume$2rdacarrier
=540  \\$aCurrent Copyright Fee: GBP22.50$c0$5Uk
=985  \\$aAdd 776 and Link to online version on 020190446 when completed/ catalogued$tAfrica bibliography research and documentation$x2752-6402
=985  \\$aISSN UK Centre: change of title from 'African Research and Documentation' ISSN 0305-862X. Please add 78X / LKR as required. Also related to 'Africa Bibliography', ISSN 0266-6731 which will become an online only title when this new title is launched.
=985  \\$aLDO SERIALS - PLEASE PASS ALL ITEMS RECEIVED TO ISSN UK CENTRE.
=ACF  \\$aPrevious Copyright Fee: GBP22.50$c0$e01-apr-2022$fGBP22.50$g0$hC$5Uk
=CAT  \\$a10973$b40$c20210513$lBLL01$h0658
=CAT  \\$aBATCH-CLA$b00$c20220304$lBLL01$h1533
=CAT  \\$aIPL-CLA$c20220331$lBLL01$h2324
=CAT  \\$aBATCH-CLA$b00$c20221130$lBLL01$h1453
=CAT  \\$a8124$b40$c20221213$lBLL01$h1024
=CAT  \\$aIPL-CLA$c20221231$lBLL01$h2352
=CAT  \\$aBATCH-CLA$b00$c20230209$lBLL01$h1540
=CAT  \\$aIPL-CLA$c20230210$lBLL01$h0115
=CFI  0\$aCurrent Copyright Fee: GBP22.50$c0$e09-feb-2023$fGBP22.50$g0$hC$5Uk
=CFI  2\$aBritish Library not licensed to copy$c0$e01-jan-2023$hC$iCFP Excluded$5Uk
=FMT  \\$a  SE
=LAS  \\$aIPL-CLA$b00$c20230210$lBLL01$h0115
=LET  \0$aAfrica bibliography research and documentation (Print)

