=LDR  01052cas a22002898i 4500
=001  020190455
=003  Uk
=005  20230421160521.0
=007  ta
=008  210513c20229999enktr\m\\\\\\\0\\\a0eng\\
=022  0\$a2754-7108$202
=040  \\$aUk$beng$cUk$erda
=222  \0$aPractical and technical guides for laboratory-based chemists$b(Print)
=245  00$aPractical and technical guides for laboratory-based chemists.
=263  \\$a202403
=264  \1$aCambridge :$bRoyal Society of Chemistry
=310  \\$aThree issues yearly
=336  \\$atext$2rdacontent
=337  \\$aunmediated$2rdamedia
=338  \\$avolume$2rdacarrier
=776  08$iAlso issued online as:$tPractical and technical guides for laboratory-based chemists$x2754-7116
=985  \\$aLDO SERIALS - PLEASE PASS ALL ITEMS RECEIVED TO ISSN UK CENTRE.
=CAT  \\$a11313$b40$c20210513$lBLL01$h0746
=CAT  \\$a5466D$b40$c20230421$lBLL01$h1605
=FMT  \\$a  SE
=LAS  \\$a5466D$b40$c20230421$lBLL01$h1605
=LET  \0$aPractical and technical guides for laboratory-based chemists (Print)

