=LDR  00786 as a22002658i 4500
=001  020190490
=003  Uk
=005  20210513085013.0
=007  ta
=008  210513c20219999enktr\p\\\\\\\0\\\a0eng\\
=022  0\$a2754-7124$202
=040  \\$aUk$beng$cUk$erda
=222  \4$aThe art of Stephen Anthony Davids
=245  04$aThe art of Stephen Anthony Davids.
=263  \\$a202105
=264  \1$aStratford :$bS.A. Davids
=310  \\$aThree issues yearly
=336  \\$atext$2rdacontent
=337  \\$aunmediated$2rdamedia
=338  \\$avolume$2rdacarrier
=985  \\$aLDO SERIALS - PLEASE PASS ALL ITEMS RECEIVED TO ISSN UK CENTRE.
=CAT  \\$a11313$b40$c20210513$lBLL01$h0850
=FMT  \\$a  SE
=LAS  \\$a11313$b40$c20210513$lBLL01$h0850
=LET  \4$aThe art of Stephen Anthony Davids (Print)

