=LDR  00658 as a22002538i 4500
=001  020197691
=003  Uk
=005  20210520105953.0
=007  ta
=008  210520c20219999enkar\p\\\\\\\0\\\a0eng\\
=022  0\$a2752-6518$202
=040  \\$aUk$beng$cUk$erda
=222  \0$aPendora
=245  00$aPendora.
=263  \\$a202108
=264  \1$aLondon :$bP. Poulas
=310  \\$aAnnual
=336  \\$atext$2rdacontent
=337  \\$aunmediated$2rdamedia
=338  \\$avolume$2rdacarrier
=985  \\$aLDO SERIALS - PLEASE PASS ALL ITEMS RECEIVED TO ISSN UK CENTRE.
=CAT  \\$a10973$b40$c20210520$lBLL01$h1059
=FMT  \\$a  SE
=LAS  \\$a10973$b40$c20210520$lBLL01$h1059

