=LDR  00791cas a22002778i 4500
=001  020205841
=003  Uk
=005  20220822153332.0
=007  ta
=008  210528c20239999enkmr\p\\\\\\\0\\\a0eng\\
=022  0\$a2752-6658$202
=040  \\$aUk$beng$cUk$erda
=222  \0$aBehind the door$b(Qualify)
=245  00$aBehind the door.
=263  \\$a202306
=264  \1$aBury :$bPrisons Org UK Ltd
=310  \\$aMonthly
=336  \\$atext$2rdacontent
=337  \\$aunmediated$2rdamedia
=338  \\$avolume$2rdacarrier
=985  \\$aLDO SERIALS - PLEASE PASS ALL ITEMS RECEIVED TO ISSN UK CENTRE.
=CAT  \\$a10973$b40$c20210528$lBLL01$h1337
=CAT  \\$a11130$b40$c20211014$lBLL01$h1121
=CAT  \\$a11130$b40$c20220822$lBLL01$h1533
=FMT  \\$a  SE
=LAS  \\$a11130$b40$c20220822$lBLL01$h1533

