=LDR  00947cas a22002898i 4500
=001  020212988
=003  Uk
=005  20230421143130.0
=007  ta
=008  210602c20229999enkqr\p\\\\\\\0\\\a0eng\\
=022  0\$a2752-6771$202
=040  \\$aUk$beng$cUk$erda
=222  \0$aSustainable energy$b(Qualify. Print)
=245  00$aSustainable energy.
=263  \\$a202210
=264  \1$aCambridge :$bRoyal Society of Chemistry
=310  \\$aFour times a year
=336  \\$atext$2rdacontent
=337  \\$aunmediated$2rdamedia
=338  \\$avolume$2rdacarrier
=985  \\$aISSN UK Centre: please see also online version, ISSN 2752-678X. Please add 776 to both records on completion.
=985  \\$aLDO SERIALS - PLEASE PASS ALL ITEMS RECEIVED TO ISSN UK CENTRE.
=CAT  \\$a10973$b40$c20210602$lBLL01$h0927
=CAT  \\$a10973$b40$c20230421$lBLL01$h1431
=FMT  \\$a  SE
=LAS  \\$a10973$b40$c20230421$lBLL01$h1431
=LET  \0$aSustainable energy (Print)

