=LDR  00682 as a22002538i 4500
=001  020228512
=003  Uk
=005  20210617141608.0
=007  ta
=008  210617c20219999enkar\p\\\\\\\0\\\a0eng\\
=022  0\$a2752-7107$202
=040  \\$aUk$beng$cUk$erda
=222  \0$aDemons of Eden
=245  00$aDemons of Eden.
=263  \\$a202110
=264  \1$aManchester :$bGareth Kavanagh
=310  \\$aAnnual
=336  \\$atext$2rdacontent
=337  \\$aunmediated$2rdamedia
=338  \\$avolume$2rdacarrier
=985  \\$aLDO SERIALS - PLEASE PASS ALL ITEMS RECEIVED TO ISSN UK CENTRE.
=CAT  \\$a10973$b40$c20210617$lBLL01$h1416
=FMT  \\$a  SE
=LAS  \\$a10973$b40$c20210617$lBLL01$h1416

