=LDR  00670 as a22002538i 4500
=001  020228513
=003  Uk
=005  20210617141723.0
=007  ta
=008  210617c20219999enkar\p\\\\\\\0\\\a0eng\\
=022  0\$a2752-7115$202
=040  \\$aUk$beng$cUk$erda
=222  \0$aFaustine
=245  00$aFaustine.
=263  \\$a202111
=264  \1$aManchester :$bGareth Kavanagh
=310  \\$aAnnual
=336  \\$atext$2rdacontent
=337  \\$aunmediated$2rdamedia
=338  \\$avolume$2rdacarrier
=985  \\$aLDO SERIALS - PLEASE PASS ALL ITEMS RECEIVED TO ISSN UK CENTRE.
=CAT  \\$a10973$b40$c20210617$lBLL01$h1417
=FMT  \\$a  SE
=LAS  \\$a10973$b40$c20210617$lBLL01$h1417

