=LDR  00746 as a22002658i 4500
=001  020228515
=003  Uk
=005  20210617142935.0
=007  ta
=008  210617c20229999enkqr\p\\\\\\\0\\\a0eng\\
=022  0\$a2752-7123$202
=040  \\$aUk$beng$cUk$erda
=222  \4$aThe happiness patrol
=245  04$aThe happiness patrol.
=263  \\$a202201
=264  \1$aManchester :$bGareth Kavanagh
=310  \\$aQuarterly
=336  \\$atext$2rdacontent
=337  \\$aunmediated$2rdamedia
=338  \\$avolume$2rdacarrier
=985  \\$aLDO SERIALS - PLEASE PASS ALL ITEMS RECEIVED TO ISSN UK CENTRE.
=CAT  \\$a10973$b40$c20210617$lBLL01$h1419
=CAT  \\$a10973$b40$c20210617$lBLL01$h1429
=FMT  \\$a  SE
=LAS  \\$a10973$b40$c20210617$lBLL01$h1429

