=LDR  01582cas a22004338i 4500
=001  020238428
=003  Uk
=005  20220707141654.0
=007  ta
=008  210624c20219999enkqr\p\\\\\\\0\\\a0eng\\
=022  0\$a2752-7263$202
=040  \\$aUk$beng$cUk$erda
=222  \0$aAsian journal for mathematics education$b(Print)
=245  00$aAsian journal for mathematics education.
=263  \\$a202203
=264  \1$aLondon :$bSAGE Publishing
=310  \\$aQuarterly
=336  \\$atext$2rdacontent
=337  \\$aunmediated$2rdamedia
=338  \\$avolume$2rdacarrier
=540  \\$aCurrent copyright fee: zero$c19\0$5Uk
=856  \\$31850-9999$uhttp://www.uk.sagepub.com/home.nav$xBLDSS
=945  \\$aAsian journal for mathematics education
=979  \\$aBritish Library$bDSC$j1742.499500N
=985  \\$aISSN UK Centre: see also online version, ISSN 2752-7271. Please add 776 to both records on completion.
=985  \\$aLDO SERIALS - PLEASE PASS ALL ITEMS RECEIVED TO ISSN UK CENTRE.
=CAT  \\$a10973$b40$c20210624$lBLL01$h1304
=CAT  \\$a5552$b40$c20211217$lBLL01$h0941
=CAT  \\$aIPL-CLA$c20211231$lBLL01$h1738
=CAT  \\$aBATCH-UNOA$c20220104$lBLL01$h2254
=CAT  \\$aBLDSS-3PM$b00$c20220105$lBLL01$h1521
=CAT  \\$aBATCH-UPD$b00$c20220105$lBLL01$h1532
=CAT  \\$a10973$b40$c20220707$lBLL01$h1416
=CFI  0\$aCurrent copyright fee: zero$c19\0$e01-jan-2022$fGBP0.00$g0$hP$5Uk
=FFP  \\$aY$bBLDSS-3PM
=FMT  \\$a  SE
=LAS  \\$a10973$b40$c20220707$lBLL01$h1416
=LET  \0$aAsian journal for mathematics education (Print)
=UNO  \\$aY

