=LDR  00841 as a22002778i 4500
=001  020251545
=003  Uk
=005  20210708075052.0
=007  ta
=008  210708c20219999enktr\p\\\\\\\0\\\a0eng\\
=022  0\$a2754-7426$202
=040  \\$aUk$beng$cUk$erda
=222  \0$aSHIFT presents
=245  00$aSHIFT presents.
=263  \\$a202108
=264  \1$aYateley :$bShift Publishing Ltd
=310  \\$aThree issues yearly
=336  \\$atext$2rdacontent
=337  \\$aunmediated$2rdamedia
=338  \\$avolume$2rdacarrier
=985  \\$aISSN UK Centre note: Related to 'Shift' ISSN 2635-0149 (787 link?). ISSN UK, 08.07.2021.
=985  \\$aLDO SERIALS - PLEASE PASS ALL ITEMS RECEIVED TO ISSN UK CENTRE.
=CAT  \\$a11313$b40$c20210708$lBLL01$h0750
=FMT  \\$a  SE
=LAS  \\$a11313$b40$c20210708$lBLL01$h0750
=LET  \0$aSHIFT presents (Print)

