=LDR  00930 as a22002778i 4500
=001  020252918
=003  Uk
=005  20210709101638.0
=007  ta
=008  210709c20239999enktr\p\\\\\\\0\\\a0eng\\
=022  0\$a2752-7441$202
=040  \\$aUk$beng$cUk$erda
=222  \0$aOptical, electronic and magnetic materials$b(Print)
=245  00$aOptical, electronic and magnetic materials.
=263  \\$a202312
=264  \1$aCambridge :$bRoyal Society of Chemistry
=310  \\$aThree times a year
=336  \\$atext$2rdacontent
=337  \\$aunmediated$2rdamedia
=338  \\$avolume$2rdacarrier
=776  08$iAlso issued online as:$tOptical, electronic and magnetic materials$x2752-745X
=985  \\$aLDO SERIALS - PLEASE PASS ALL ITEMS RECEIVED TO ISSN UK CENTRE.
=CAT  \\$a10973$b40$c20210709$lBLL01$h1016
=FMT  \\$a  SE
=LAS  \\$a10973$b40$c20210709$lBLL01$h1016
=LET  \0$aOptical, electronic and magnetic materials (Print)

