=LDR  00742 as a22002658i 4500
=001  020254409
=003  Uk
=005  20210712102140.0
=007  ta
=008  210712c20219999enkmr\p\\\\\\\0\\\a0eng\\
=022  0\$a2752-7565$202
=040  \\$aUk$beng$cUk$erda
=222  \0$a7000 words crosswords
=245  00$a7000 words crosswords.
=246  3\$aSeven thousand words crosswords
=263  \\$a202110
=264  \1$aLondon :$bKeesing Media UK
=310  \\$aMonthly
=336  \\$atext$2rdacontent
=337  \\$aunmediated$2rdamedia
=338  \\$avolume$2rdacarrier
=985  \\$aLDO SERIALS - PLEASE PASS ALL ITEMS RECEIVED TO ISSN UK CENTRE.
=CAT  \\$a10973$b40$c20210712$lBLL01$h1021
=FMT  \\$a  SE
=LAS  \\$a10973$b40$c20210712$lBLL01$h1021

