=LDR  00858 as a22002778i 4500
=001  020268784
=003  Uk
=005  20210722093437.0
=007  ta
=008  210722c20229999enk\x\p\\\\\\\0\\\a0eng\\
=022  0\$a2752-7794$202
=040  \\$aUk$beng$cUk$erda
=222  \0$aProfessional development$b(Qualify. Print)
=245  00$aProfessional development.
=263  \\$a202206
=264  \1$aCambridge :$bRoyal Society of Chemistry
=310  \\$aIrregular
=336  \\$atext$2rdacontent
=337  \\$aunmediated$2rdamedia
=338  \\$avolume$2rdacarrier
=776  08$iAlso issued online as:$tProfessional development$x2752-7808
=985  \\$aLDO SERIALS - PLEASE PASS ALL ITEMS RECEIVED TO ISSN UK CENTRE.
=CAT  \\$a10973$b40$c20210722$lBLL01$h0934
=FMT  \\$a  SE
=LAS  \\$a10973$b40$c20210722$lBLL01$h0934
=LET  \0$aProfessional development (Print)

