=LDR  00690 as a22002538i 4500
=001  020269528
=003  Uk
=005  20210723122915.0
=007  ta
=008  210723c20219999enkar\p\\\\\\\0\\\a0eng\\
=022  0\$a2752-7875$202
=040  \\$aUk$beng$cUk$erda
=222  \0$aFlowers of the zodiac
=245  00$aFlowers of the zodiac.
=263  \\$a202108
=264  \1$aHull :$bRecord 28 Books
=310  \\$aAnnual
=336  \\$atext$2rdacontent
=337  \\$aunmediated$2rdamedia
=338  \\$avolume$2rdacarrier
=985  \\$aLDO SERIALS - PLEASE PASS ALL ITEMS RECEIVED TO ISSN UK CENTRE.
=CAT  \\$a10973$b40$c20210723$lBLL01$h1229
=FMT  \\$a  SE
=LAS  \\$a10973$b40$c20210723$lBLL01$h1229

