=LDR  00878cas a22002898i 4500
=001  020293153
=003  Uk
=005  20230731125512.0
=007  ta
=008  210812c20239999enkwr\p\\\\\\\0\\\a0eng\\
=022  0\$a2754-7523$202
=040  \\$aUk$beng$cUk$erda
=222  \0$aBuild the legendary cyborg Robocop
=245  00$aBuild the legendary cyborg Robocop.
=263  \\$a202308
=264  \1$aLondon :$bDe Agostini UK Ltd
=310  \\$aWeekly
=336  \\$atext$2rdacontent
=337  \\$aunmediated$2rdamedia
=338  \\$avolume$2rdacarrier
=985  \\$aLDO SERIALS - PLEASE PASS ALL ITEMS RECEIVED TO ISSN UK CENTRE.
=CAT  \\$a11313$b40$c20210812$lBLL01$h0932
=CAT  \\$a11130$b40$c20220916$lBLL01$h1324
=CAT  \\$a5466D$b40$c20230731$lBLL01$h1255
=FMT  \\$a  SE
=LAS  \\$a5466D$b40$c20230731$lBLL01$h1255
=LET  \0$aBuild the legendary cyborg Robocop (Print)

