=LDR  00724cas a22002658i 4500
=001  020301686
=003  Uk
=005  20220902143741.0
=007  ta
=008  210818c20229999enkbr\p\\\\\\\0\\\a0eng\\
=022  0\$a2752-8243$202
=040  \\$aUk$beng$cUk$erda
=222  \0$aImpact$b(Qualify)
=245  00$aImpact.
=263  \\$a202211
=264  \1$aTaunton :$bRed Hot Media
=310  \\$aBimonthly
=336  \\$atext$2rdacontent
=337  \\$aunmediated$2rdamedia
=338  \\$avolume$2rdacarrier
=985  \\$aLDO SERIALS - PLEASE PASS ALL ITEMS RECEIVED TO ISSN UK CENTRE.
=CAT  \\$a10973$b40$c20210818$lBLL01$h1333
=CAT  \\$a11130$b40$c20220902$lBLL01$h1437
=FMT  \\$a  SE
=LAS  \\$a11130$b40$c20220902$lBLL01$h1437

