=LDR  00807cas a22002778i 4500
=001  020309123
=003  Uk
=005  20220524141649.0
=007  ta
=008  210826c20239999enkar\p\\\\\\\0\\\a0eng\\
=022  0\$a2754-7604$202
=040  \\$aUk$beng$cUk$erda
=222  \0$aGo classics car price guide
=245  00$aGo classics car price guide.
=263  \\$a202303
=264  \1$aLondon :$bZenhawk Media Ltd
=310  \\$aAnnual
=336  \\$atext$2rdacontent
=337  \\$aunmediated$2rdamedia
=338  \\$avolume$2rdacarrier
=985  \\$aLDO SERIALS - PLEASE PASS ALL ITEMS RECEIVED TO ISSN UK CENTRE.
=CAT  \\$a11313$b40$c20210826$lBLL01$h1319
=CAT  \\$a11130$b40$c20220524$lBLL01$h1416
=FMT  \\$a  SE
=LAS  \\$a11130$b40$c20220524$lBLL01$h1416
=LET  \0$aGo classics car price guide (Print)

