=LDR  01028 as a22002778i 4500
=001  020314580
=003  Uk
=005  20210901184657.0
=007  ta
=008  210901c20229999enkqr\p\\\\\\\0\\\a0eng\\
=022  0\$a2753-1546$202
=040  \\$aUk$beng$cUk$erda
=222  \0$aInternational journal of education, arts and social issues in Africa$b(Print)
=245  00$aInternational journal of education, arts and social issues in Africa.
=263  \\$a202208
=264  \1$aOlney :$bInderscience Enterprises Limited
=310  \\$aQuarterly
=336  \\$atext$2rdacontent
=337  \\$aunmediated$2rdamedia
=338  \\$avolume$2rdacarrier
=776  08$iAlso issued in online as:$tInternational journal of education, arts and social issues in Africa$x2753-1554
=985  \\$aLDO SERIALS - PLEASE PASS ALL ITEMS RECEIVED TO ISSN UK CENTRE.
=CAT  \\$a7152$b40$c20210901$lBLL01$h1846
=FMT  \\$a  SE
=LAS  \\$a7152$b40$c20210901$lBLL01$h1846
=LET  \0$aInternational journal of education, arts and social issues in Africa (Print)

