=LDR  00855 as a22002658i 4500
=001  020332872
=003  Uk
=005  20210921073240.0
=007  ta
=008  210921c20229999enk\x\p\\\\\\\0\\\a0eng\\
=022  0\$a2754-7809$202
=040  \\$aUk$beng$cUk$erda
=222  \0$aElements in Middle East politics$b(Print)
=245  00$aElements in Middle East politics.
=263  \\$a202212
=264  \1$aCambridge :$bCambridge University Press
=336  \\$atext$2rdacontent
=337  \\$aunmediated$2rdamedia
=338  \\$avolume$2rdacarrier
=776  08$iAlso issued online as:$tElements in Middle East politics$x2754-7817
=985  \\$aLDO SERIALS - PLEASE PASS ALL ITEMS RECEIVED TO ISSN UK CENTRE.
=CAT  \\$a11313$b40$c20210921$lBLL01$h0732
=FMT  \\$a  SE
=LAS  \\$a11313$b40$c20210921$lBLL01$h0732
=LET  \0$aElements in Middle East politics (Print)

