=LDR  00809 as a22002778i 4500
=001  020336742
=003  Uk
=005  20210922155653.0
=007  ta
=008  210922c20219999enkfr\p\\\\\\\0\\\a0eng\\
=022  0\$a2753-1600$202
=040  \\$aUk$beng$cUk$erda
=222  \0$aJIM$b(QUalify)
=245  00$aJIM.
=263  \\$a202110
=264  \1$aLondon :$bSteven Gregor
=310  \\$aSemiannual
=336  \\$atext$2rdacontent
=337  \\$aunmediated$2rdamedia
=338  \\$avolume$2rdacarrier
=985  \\$aChange of title from "Gym class" ISSN 2397-6357. Please make relevenat 7xx links when completing.
=985  \\$aLDO SERIALS - PLEASE PASS ALL ITEMS RECEIVED TO ISSN UK CENTRE.
=CAT  \\$a7152$b40$c20210922$lBLL01$h1556
=FMT  \\$a  SE
=LAS  \\$a7152$b40$c20210922$lBLL01$h1556
=LET  \0$aJIM (Print)

