=LDR  00897 as a22002778i 4500
=001  020352938
=003  Uk
=005  20211007110312.0
=007  ta
=008  211007c20229999enk\x\p\\\\\\\0\\\a0eng\\
=022  0\$a2752-9398$202
=040  \\$aUk$beng$cUk$erda
=222  \0$aCambridge elements in sign languages$b(Print)
=245  00$aCambridge elements in sign languages.
=263  \\$a202211
=264  \1$aCambridge :$bCambridge University Press
=310  \\$aIrregular
=336  \\$atext$2rdacontent
=337  \\$aunmediated$2rdamedia
=338  \\$avolume$2rdacarrier
=776  08$iAlso issued online as:$tCambridge elements in sign languages$x2752-9401
=985  \\$aLDO SERIALS - PLEASE PASS ALL ITEMS RECEIVED TO ISSN UK CENTRE.
=CAT  \\$a10973$b40$c20211007$lBLL01$h1103
=FMT  \\$a  SE
=LAS  \\$a10973$b40$c20211007$lBLL01$h1103
=LET  \0$aCambridge elements in sign languages (Print)

