=LDR  00953 as a22002778i 4500
=001  020352945
=003  Uk
=005  20211007111238.0
=007  ta
=008  211007c20229999enk\x\p\\\\\\\0\\\a0eng\\
=022  0\$a2752-941X$202
=040  \\$aUk$beng$cUk$erda
=222  \0$aCambridge elements in applied evolutionary science$b(Print)
=245  00$aCambridge elements in applied evolutionary science.
=263  \\$a202211
=264  \1$aCambridge :$bCambridge University Press
=310  \\$aIrregular
=336  \\$atext$2rdacontent
=337  \\$aunmediated$2rdamedia
=338  \\$avolume$2rdacarrier
=776  08$iAlso issued online as:$tCambridge elements in applied evolutionary science$x2752-9428
=985  \\$aLDO SERIALS - PLEASE PASS ALL ITEMS RECEIVED TO ISSN UK CENTRE.
=CAT  \\$a10973$b40$c20211007$lBLL01$h1112
=FMT  \\$a  SE
=LAS  \\$a10973$b40$c20211007$lBLL01$h1112
=LET  \0$aCambridge elements in applied evolutionary science (Print)

