=LDR  01037cas a22003258i 4500
=001  020359760
=003  Uk
=005  20220421092812.0
=007  ta
=008  211014c20229999enkqr\p\\\\\\\0\\\a0eng\\
=022  0\$a2752-9592$202
=040  \\$aUk$beng$cUk$erda
=222  \0$aESG global$b(Print)
=245  00$aESG global.
=246  3\$aEnvironment, social & governance global
=246  3\$aAirline economics ESG global
=263  \\$a202212
=264  \1$aStoke on Trent :$bV. Tozer-Pennington
=310  \\$aQuarterly
=336  \\$atext$2rdacontent
=337  \\$aunmediated$2rdamedia
=338  \\$avolume$2rdacarrier
=776  08$iAlso issued online as:$tESG global$x2752-9606
=985  \\$aISSN UK Centre: related title 'Airline economics' please add links as required.
=985  \\$aLDO SERIALS - PLEASE PASS ALL ITEMS RECEIVED TO ISSN UK CENTRE.
=CAT  \\$a10973$b40$c20211014$lBLL01$h1300
=CAT  \\$a11130$b40$c20220421$lBLL01$h0928
=FMT  \\$a  SE
=LAS  \\$a11130$b40$c20220421$lBLL01$h0928
=LET  \0$aESG global (Print)

