=LDR  00807 as a22002658i 4500
=001  020359767
=003  Uk
=005  20211014131311.0
=007  ta
=008  211014c20219999enkqr\p\\\\\\\0\\\a0eng\\
=022  0\$a2752-9614$202
=040  \\$aUk$beng$cUk$erda
=222  \0$aFamous regiments
=245  00$aFamous regiments.
=263  \\$a202112
=264  \1$aYalding :$bKelsey Publishing
=310  \\$aQuarterly
=336  \\$atext$2rdacontent
=337  \\$aunmediated$2rdamedia
=338  \\$avolume$2rdacarrier
=985  \\$aISSN UK Centre: change of title from 'Modern conflict' ISSN 2634-7466. Please add 78X/LKR as required.
=985  \\$aLDO SERIALS - PLEASE PASS ALL ITEMS RECEIVED TO ISSN UK CENTRE.
=CAT  \\$a10973$b40$c20211014$lBLL01$h1313
=FMT  \\$a  SE
=LAS  \\$a10973$b40$c20211014$lBLL01$h1313

