=LDR  00888 as a22002778i 4500
=001  020362206
=003  Uk
=005  20211019165739.0
=007  ta
=008  211019c20239999enkfr\p\\\\\\\0\\\a0eng\\
=022  0\$a2752-9665$202
=040  \\$aUk$beng$cUk$erda
=222  \0$aComparative constitutional studies$b(Print)
=245  00$aComparative constitutional studies.
=263  \\$a202303
=264  \1$aCheltenham :$bEdward Elgar Publishing
=310  \\$aSemiannual
=336  \\$atext$2rdacontent
=337  \\$aunmediated$2rdamedia
=338  \\$avolume$2rdacarrier
=776  08$iAlso issued online as:$tComparative constitutional studies$x2752-9673
=985  \\$aLDO SERIALS - PLEASE PASS ALL ITEMS RECEIVED TO ISSN UK CENTRE.
=CAT  \\$a10973$b40$c20211019$lBLL01$h1657
=FMT  \\$a  SE
=LAS  \\$a10973$b40$c20211019$lBLL01$h1657
=LET  \0$aComparative constitutional studies (Print)

