=LDR  01205cas a22003138i 4500
=001  020367829
=003  Uk
=005  20230925113054.0
=007  ta
=008  211022c20239999enkmx\r\\\\\\\0\\\a0eng\\
=022  0\$a2752-9789$202
=040  \\$aUk$beng$cUk$erda
=222  \0$aModern review$b(Qualify)
=245  00$aModern review.
=263  \\$a202401
=264  \1$aLondon :$bModern Review Ltd
=310  \\$aTen issues a year
=336  \\$atext$2rdacontent
=337  \\$aunmediated$2rdamedia
=338  \\$avolume$2rdacarrier
=985  \\$aISSN UK Centre: please check key title qualification, will probably need place and date.
=985  \\$aISSN UK Centre: publisher confirms this is a new publication and not connected to the existing 1990s title of the same name ("We are influenced/inspired by both the British 1990s Modern Review and the one coming out of Calcutta/India").
=985  \\$aLDO SERIALS - PLEASE PASS ALL ITEMS RECEIVED TO ISSN UK CENTRE.
=CAT  \\$a10973$b40$c20211022$lBLL01$h1608
=CAT  \\$a10973$b40$c20211022$lBLL01$h1609
=CAT  \\$a11130$b40$c20220627$lBLL01$h0908
=CAT  \\$a5466D$b40$c20230925$lBLL01$h1130
=FMT  \\$a  SE
=LAS  \\$a5466D$b40$c20230925$lBLL01$h1130

