=LDR  00895 as a22002778i 4500
=001  020367851
=003  Uk
=005  20211022164250.0
=007  ta
=008  211022c20239999enktr\p\\\\\\\0\\\a0eng\\
=022  0\$a2752-9797$202
=040  \\$aUk$beng$cUk$erda
=222  \0$aContemporary music making and learning$b(Print)
=245  00$aContemporary music making and learning.
=263  \\$a202306
=264  \1$aBristol :$bIntellect
=310  \\$aThree times a year
=336  \\$atext$2rdacontent
=337  \\$aunmediated$2rdamedia
=338  \\$avolume$2rdacarrier
=776  08$iAlso issued online as:$tContemporary music making and learning$x2752-9800
=985  \\$aLDO SERIALS - PLEASE PASS ALL ITEMS RECEIVED TO ISSN UK CENTRE.
=CAT  \\$a10973$b40$c20211022$lBLL01$h1642
=FMT  \\$a  SE
=LAS  \\$a10973$b40$c20211022$lBLL01$h1642
=LET  \0$aContemporary music making and learning (Print)

