=LDR  00835 as a22002778i 4500
=001  020368527
=003  Uk
=005  20211025064741.0
=007  ta
=008  211025c20229999enkfr\p\\\\\\\0\\\a0eng\\
=022  0\$a2752-9835$202
=040  \\$aUk$beng$cUk$erda
=222  \0$aTools and transformations$b(Print)
=245  00$aTools and transformations.
=263  \\$a202211
=264  \1$aBristol :$bIntellect
=310  \\$aSemiannual
=336  \\$atext$2rdacontent
=337  \\$aunmediated$2rdamedia
=338  \\$avolume$2rdacarrier
=776  08$iAlso issued online as:$tTools and transformations$x2752-9843
=985  \\$aLDO SERIALS - PLEASE PASS ALL ITEMS RECEIVED TO ISSN UK CENTRE.
=CAT  \\$a10973$b40$c20211025$lBLL01$h0647
=FMT  \\$a  SE
=LAS  \\$a10973$b40$c20211025$lBLL01$h0647
=LET  \0$aTools and transformations (Print)

