=LDR  00763 as a22002658i 4500
=001  020377178
=003  Uk
=005  20211102140543.0
=007  ta
=008  211102c20229999enkmx\p\\\\\\\0\\\a0eng\\
=022  0\$a2754-4435$202
=040  \\$aUk$beng$cUk$erda
=222  \0$aASDA mini word puzzles
=245  00$aASDA mini word puzzles.
=263  \\$a202203
=264  \1$aLondon :$bKeesing Media UK Ltd
=310  \\$aThirteen times a year
=336  \\$atext$2rdacontent
=337  \\$aunmediated$2rdamedia
=338  \\$avolume$2rdacarrier
=985  \\$aLDO SERIALS - PLEASE PASS ALL ITEMS RECEIVED TO ISSN UK CENTRE.
=CAT  \\$a10806$b40$c20211102$lBLL01$h1405
=CAT  \\$a10806$b40$c20211102$lBLL01$h1405
=FMT  \\$a  SE
=LAS  \\$a10806$b40$c20211102$lBLL01$h1405

