=LDR  01106cas a22003378i 4500
=001  020377187
=003  Uk
=005  20211118081106.0
=007  ta
=008  211102c20229999enkmx\p\\\\\\\0\\\a0eng\\
=022  0\$a2754-446X$202
=040  \\$aUk$beng$cUk$erda
=222  \0$aASDA arrow words pad
=245  00$aASDA arrow words pad.
=263  \\$a202203
=264  \1$aLondon :$bKeesing Media UK Ltd
=310  \\$aThirteen times a year
=336  \\$atext$2rdacontent
=337  \\$aunmediated$2rdamedia
=338  \\$avolume$2rdacarrier
=985  \\$aLDO SERIALS - PLEASE PASS ALL ITEMS RECEIVED TO ISSN UK CENTRE.
=985  \\$aPhrase "Extra Special" removed from title at request of publisher (17/11/21)
=985  \\$aWord "super" replaced by "pad" (18/11/21)
=CAT  \\$a10806$b40$c20211102$lBLL01$h1412
=CAT  \\$a10806$b40$c20211117$lBLL01$h1504
=CAT  \\$a10806$b40$c20211117$lBLL01$h1509
=CAT  \\$a10806$b40$c20211117$lBLL01$h1509
=CAT  \\$a10806$b40$c20211117$lBLL01$h1517
=CAT  \\$a10806$b40$c20211118$lBLL01$h0811
=FMT  \\$a  SE
=LAS  \\$a10806$b40$c20211118$lBLL01$h0811

