=LDR  00724cas a22002658i 4500
=001  020382010
=003  Uk
=005  20220317171754.0
=007  ta
=008  211103c20239999enkfr\p\\\\\\\0\\\a0eng\\
=022  0\$a2752-9908$202
=040  \\$aUk$beng$cUk$erda
=222  \0$aNet zero
=245  00$aNet zero.
=263  \\$a202303
=264  \1$aBracknell :$bHM Communications
=310  \\$aSemiannual
=336  \\$atext$2rdacontent
=337  \\$aunmediated$2rdamedia
=338  \\$avolume$2rdacarrier
=985  \\$aLDO SERIALS - PLEASE PASS ALL ITEMS RECEIVED TO ISSN UK CENTRE.
=CAT  \\$a10973$b40$c20211103$lBLL01$h1014
=CAT  \\$a11130$b40$c20220317$lBLL01$h1717
=FMT  \\$a  SE
=LAS  \\$a11130$b40$c20220317$lBLL01$h1717

