=LDR  00746nas a22002538i 4500
=001  020389937
=003  Uk
=005  20211112103357.0
=007  ta
=008  211112c20229999enkqr\p\\\\\\\0\\\a0eng\\
=022  0\$a2755-0028$202
=040  \\$aUk$beng$cUk$erda
=222  \0$aContemporary architectural education
=245  00$aContemporary architectural education.
=263  \\$a202201
=264  \1$aLondon :$bDesign Media Publishing (UK) Limited
=310  \\$aQuarterly
=336  \\$atext$2rdacontent
=337  \\$aunmediated$2rdamedia
=338  \\$avolume$2rdacarrier
=985  \\$aLDO SERIALS - PLEASE PASS ALL ITEMS RECEIVED TO ISSN UK CENTRE.
=CAT  \\$a10973$b40$c20211112$lBLL01$h1033
=FMT  \\$a  SE
=LAS  \\$a10973$b40$c20211112$lBLL01$h1033

