=LDR  00682nas a22002538i 4500
=001  020395119
=003  Uk
=005  20211117105703.0
=007  ta
=008  211117c20219999stktr\p\\\\\\\0\\\a0eng\\
=022  0\$a2755-0044$202
=040  \\$aUk$beng$cUk$erda
=222  \0$aBeats of war
=245  00$aBeats of war.
=263  \\$a202111
=264  \1$aGlasgow :$bE. Kubwabo
=310  \\$aThree times a year
=336  \\$atext$2rdacontent
=337  \\$aunmediated$2rdamedia
=338  \\$avolume$2rdacarrier
=985  \\$aLDO SERIALS - PLEASE PASS ALL ITEMS RECEIVED TO ISSN UK CENTRE.
=CAT  \\$a10973$b40$c20211117$lBLL01$h1057
=FMT  \\$a  SE
=LAS  \\$a10973$b40$c20211117$lBLL01$h1057

