=LDR  00758nas a22002658i 4500
=001  020404805
=003  Uk
=005  20211125160602.0
=007  ta
=008  211125c20229999enktr\p\\\\\\\0\\\a0eng\\
=022  0\$a2755-0265$202
=040  \\$aUk$beng$cUk$erda
=222  \0$aSainsbury wordsearch pad
=245  00$aSainsbury wordsearch pad.
=246  3\$aSainsbury's wordsearch pad
=263  \\$a202203
=264  \1$aLondon :$bKeesing Media UK Ltd
=310  \\$aThree times a year
=336  \\$atext$2rdacontent
=337  \\$aunmediated$2rdamedia
=338  \\$avolume$2rdacarrier
=985  \\$aLDO SERIALS - PLEASE PASS ALL ITEMS RECEIVED TO ISSN UK CENTRE.
=CAT  \\$a10973$b40$c20211125$lBLL01$h1606
=FMT  \\$a  SE
=LAS  \\$a10973$b40$c20211125$lBLL01$h1606

