=LDR  01264nas a22002898i 4500
=001  020405376
=003  Uk
=005  20211126141304.0
=007  ta
=008  211126c20229999enkfr\p\\\\\\\0\\\a0eng\\
=022  0\$a2755-029X$202
=040  \\$aUk$beng$cUk$erda
=222  \0$aJournal of international cooperation in education$b(Print)
=245  00$aJournal of international cooperation in education.
=263  \\$a202209
=264  \1$aBingley :$bEmerald Group Publishing
=310  \\$aSemiannual
=336  \\$atext$2rdacontent
=337  \\$aunmediated$2rdamedia
=338  \\$avolume$2rdacarrier
=776  08$iAlso issued online as:$tJournal of international cooperation in education$x2755-0303
=985  \\$aISSN UK Centre: English language version of 'Kokusai kyoiku kyoryoku ronshu' (ISSN 1344-2996) Japanese ISSN Centre responsibility. The English version will contain different articles to the Japanese publication so not 77X link, possibly 787. If further information required please ask in Centre.
=985  \\$aLDO SERIALS - PLEASE PASS ALL ITEMS RECEIVED TO ISSN UK CENTRE.
=CAT  \\$a10973$b40$c20211126$lBLL01$h1413
=FMT  \\$a  SE
=LAS  \\$a10973$b40$c20211126$lBLL01$h1413
=LET  \0$aJournal of international cooperation in education (Print)

