=LDR  01087cas a22003138i 4500
=001  020413460
=003  Uk
=005  20220325131334.0
=007  ta
=008  211202c20219999enktr\p\\\\\\\0\\\a0eng\\
=022  0\$a2755-0516$202
=040  \\$aUk$beng$cUk$erda
=222  \4$aThe threepenny bit$b(Print)
=245  04$aThe threepenny bit.
=263  \\$a202205
=264  \1$aRetford :$bC. Roberts
=310  \\$aThree times a year
=336  \\$atext$2rdacontent
=337  \\$aunmediated$2rdamedia
=338  \\$avolume$2rdacarrier
=985  \\$aLDO SERIALS - PLEASE PASS ALL ITEMS RECEIVED TO ISSN UK CENTRE.
=985  \\$aISSN UK Centre: see also online version, ISSN 2755-0524. Please add 776 to both records on completion.
=985  \\$aISSN UK Centre: information from publisher 25/3/22 - print format delayed, may be published April/May 2022.
=CAT  \\$a10973$b40$c20211202$lBLL01$h1433
=CAT  \\$a10973$b40$c20220325$lBLL01$h1303
=CAT  \\$a10973$b40$c20220325$lBLL01$h1313
=FMT  \\$a  SE
=LAS  \\$a10973$b40$c20220325$lBLL01$h1313
=LET  \4$aThe threepenny bit (Print)

