=LDR  00980nas a22002778i 4500
=001  020420728
=003  Uk
=005  20211208154349.0
=007  ta
=008  211208c20229999sz\\x\m\\\\\\\0\\\a0eng\\
=022  0\$a2662-4575$202
=040  \\$aUk$beng$cUk$erda
=222  \0$aPalgrave companions to important centres of economics$b(Print)
=245  00$aPalgrave companions to important centres of economics.
=263  \\$a202206
=264  \1$aCham :$bPalgrave Macmillan
=310  \\$aIrregular
=336  \\$atext$2rdacontent
=337  \\$aunmediated$2rdamedia
=338  \\$avolume$2rdacarrier
=776  08$iAlso issued online as:$tPalgrave companions to important centres of economics$x2662-4583
=985  \\$aISSN UK Centre: ISSN assigned by IC (Springer project) please notify Donna on completion.
=985  \\$aLDO SERIALS - PLEASE PASS ALL ITEMS RECEIVED TO ISSN UK CENTRE.
=CAT  \\$a10973$b40$c20211208$lBLL01$h1543
=FMT  \\$a  SE
=LAS  \\$a10973$b40$c20211208$lBLL01$h1543

