=LDR  00889nas a22002778i 4500
=001  020421889
=003  Uk
=005  20211210111400.0
=007  ta
=008  211210c20239999enk\x\p\\\\\\\0\\\a0eng\\
=022  0\$a2755-0648$202
=040  \\$aUk$beng$cUk$erda
=222  \0$aElements in emergency neurosurgery$b(Print)
=245  00$aElements in emergency neurosurgery.
=263  \\$a202301
=264  \1$aCambridge :$bCambridge University Press
=310  \\$aIrregular
=336  \\$atext$2rdacontent
=337  \\$aunmediated$2rdamedia
=338  \\$avolume$2rdacarrier
=776  08$iAlso issued online as:$tElements in emergency neurosurgery$x2755-0656
=985  \\$aLDO SERIALS - PLEASE PASS ALL ITEMS RECEIVED TO ISSN UK CENTRE.
=CAT  \\$a10973$b40$c20211210$lBLL01$h1114
=FMT  \\$a  SE
=LAS  \\$a10973$b40$c20211210$lBLL01$h1114
=LET  \0$aElements in emergency neurosurgery (Print)

