=LDR  00776nas a22002658i 4500
=001  020421972
=003  Uk
=005  20211210121732.0
=007  ta
=008  211210c20229999enkqr\p\\\\\\\0\\\a0eng\\
=022  0\$a2753-2623$202
=040  \\$aUk$beng$cUk$erda
=222  \0$aModern railways illustrated
=245  00$aModern railways illustrated.
=263  \\$a202204
=264  \1$aDunstable :$bGuidelines Publications Limited
=310  \\$aQuarterly
=336  \\$atext$2rdacontent
=337  \\$aunmediated$2rdamedia
=338  \\$avolume$2rdacarrier
=985  \\$aLDO SERIALS - PLEASE PASS ALL ITEMS RECEIVED TO ISSN UK CENTRE.
=CAT  \\$a7152$b40$c20211210$lBLL01$h1217
=FMT  \\$a  SE
=LAS  \\$a7152$b40$c20211210$lBLL01$h1217
=LET  \0$aModern railways illustrated (Print)

