=LDR  00848nas a22002658i 4500
=001  020423529
=003  Uk
=005  20211214102630.0
=007  ta
=008  211214c20229999enkqr\p\\\\\\\0\\\a0eng\\
=022  0\$a2755-0699$202
=040  \\$aUk$beng$cUk$erda
=222  \0$aFuture passion extra
=245  00$aFuture passion extra.
=263  \\$a202202
=264  \1$aBath :$bFuture Publishing Ltd
=310  \\$aQuarterly
=336  \\$atext$2rdacontent
=337  \\$aunmediated$2rdamedia
=338  \\$avolume$2rdacarrier
=985  \\$aISSN UK Centre: see also 'Future passion series' (ISSN 2752-8138) and 'Future passion plus' (ISSN 2755-0702). Please link if required.
=985  \\$aLDO SERIALS - PLEASE PASS ALL ITEMS RECEIVED TO ISSN UK CENTRE.
=CAT  \\$a10973$b40$c20211214$lBLL01$h1026
=FMT  \\$a  SE
=LAS  \\$a10973$b40$c20211214$lBLL01$h1026

