=LDR  01139cas a22003378i 4500
=001  020426803
=003  Uk
=005  20230210011513.0
=007  ta
=008  211215c20229999enkmr\p\\\\\\\0\\\a0eng\\
=022  0\$a2755-0753$202
=040  \\$aUk$beng$cUk$erda
=222  \0$aPuzzler large print puzzles
=245  00$aPuzzler large print puzzles.
=263  \\$a202203
=264  \1$aReigate :$bPuzzler Media Ltd
=310  \\$aMonthly
=336  \\$atext$2rdacontent
=337  \\$aunmediated$2rdamedia
=338  \\$avolume$2rdacarrier
=540  \\$aCurrent Copyright Fee: GBP25.00$c0$5Uk
=985  \\$aLDO SERIALS - PLEASE PASS ALL ITEMS RECEIVED TO ISSN UK CENTRE.
=CAT  \\$a10973$b40$c20211215$lBLL01$h0955
=CAT  \\$aBATCH-CLA$b00$c20221130$lBLL01$h1428
=CAT  \\$aIPL-CLA$c20221231$lBLL01$h2353
=CAT  \\$aBATCH-CLA$b00$c20230209$lBLL01$h1515
=CAT  \\$aIPL-CLA$c20230210$lBLL01$h0115
=CFI  0\$aCurrent Copyright Fee: GBP25.00$c0$e09-feb-2023$fGBP25.00$g0$hC$5Uk
=CFI  2\$aBritish Library not licensed to copy$c0$e01-jan-2023$hC$iCFP Excluded$5Uk
=FMT  \\$a  SE
=LAS  \\$aIPL-CLA$b00$c20230210$lBLL01$h0115

