=LDR  00957cas a22002898i 4500
=001  020426858
=003  Uk
=005  20230522093832.0
=007  ta
=008  211215c20219999enkfr\p\\\\\\\0\\\a0eng\\
=022  0\$a2753-2631$202
=040  \\$aUk$beng$cUk$erda
=222  \4$aThe songwriting studies journal$b(Print)
=245  04$aThe songwriting studies journal.
=263  \\$a202311
=264  \1$aBirmingham :$bThe Birmingham Centre for Media and Cultural Research
=310  \\$aTwo issues yearly
=336  \\$atext$2rdacontent
=337  \\$aunmediated$2rdamedia
=338  \\$avolume$2rdacarrier
=776  08$iAlso issued online as:$tSongwriting studies journal$x2753-264X
=985  \\$aLDO SERIALS - PLEASE PASS ALL ITEMS RECEIVED TO ISSN UK CENTRE.
=CAT  \\$a7152$b40$c20211215$lBLL01$h1122
=CAT  \\$a5466D$b40$c20230522$lBLL01$h0938
=FMT  \\$a  SE
=LAS  \\$a5466D$b40$c20230522$lBLL01$h0938
=LET  \4$aThe songwriting studies journal (Print)

