=LDR  00931nas a22002778i 4500
=001  020426949
=003  Uk
=005  20211215131714.0
=007  ta
=008  211215c20229999enk\x\p\\\\\\\0\\\a0eng\\
=022  0\$a2755-0818$202
=040  \\$aUk$beng$cUk$erda
=222  \0$aElements in indigenous environmental research$b(Print)
=245  00$aElements in indigenous environmental research.
=263  \\$a202206
=264  \1$aCambridge$bCambridge University Press
=310  \\$aIrregular
=336  \\$atext$2rdacontent
=337  \\$aunmediated$2rdamedia
=338  \\$avolume$2rdacarrier
=776  08$iAlso issued online as:$tElements in indigenous environmental research$x2755-0826
=985  \\$aLDO SERIALS - PLEASE PASS ALL ITEMS RECEIVED TO ISSN UK CENTRE.
=CAT  \\$a10973$b40$c20211215$lBLL01$h1317
=FMT  \\$a  SE
=LAS  \\$a10973$b40$c20211215$lBLL01$h1317
=LET  \0$aElements in indigenous environmental research (Print)

