=LDR  00945nas a22002898i 4500
=001  020439813
=003  Uk
=005  20220107101624.0
=007  ta
=008  220107c20229999stkmr\p\\\\\\\0\\\a0eng\\
=022  0\$a2754-8953$202
=040  \\$aUk$beng$cUk$erda
=222  \0$aAHRO review of agriculture science$b(Print)
=245  00$aAHRO review of agriculture science.
=246  3\$aAfrica Health Research Organization review of agriculture science
=263  \\$a202201
=264  \1$aGlasgow :$bAHRO
=310  \\$aMonthly
=336  \\$atext$2rdacontent
=337  \\$aunmediated$2rdamedia
=338  \\$avolume$2rdacarrier
=776  08$iAlso issued online as:$tAHRO review of agriculture science$x2754-8961
=985  \\$aLDO SERIALS - PLEASE PASS ALL ITEMS RECEIVED TO ISSN UK CENTRE.
=CAT  \\$a11313$b40$c20220107$lBLL01$h1016
=FMT  \\$a  SE
=LAS  \\$a11313$b40$c20220107$lBLL01$h1016
=LET  \0$aAHRO review of agriculture science (Print)

