=LDR  00945nas a22002898i 4500
=001  020439855
=003  Uk
=005  20220107111212.0
=007  ta
=008  220107c20229999enkmr\p\\\\\\\0\\\a0eng\\
=022  0\$a2754-8996$202
=040  \\$aUk$beng$cUk$erda
=222  \0$aAHRO review of clinical psychology$b(Print)
=245  00$aAHRO review of clinical psychology.
=246  3\$aAfrica Health Research Organization review of clinical psychology
=263  \\$a202201
=264  \1$aGlasgow :$bAHRO
=310  \\$aMonthly
=336  \\$atext$2rdacontent
=337  \\$aunmediated$2rdamedia
=338  \\$avolume$2rdacarrier
=776  08$iAlso issued online as:$tAHRO review of clinical psychology$x2754-9003
=985  \\$aLDO SERIALS - PLEASE PASS ALL ITEMS RECEIVED TO ISSN UK CENTRE.
=CAT  \\$a11313$b40$c20220107$lBLL01$h1112
=FMT  \\$a  SE
=LAS  \\$a11313$b40$c20220107$lBLL01$h1112
=LET  \0$aAHRO review of clinical psychology (Print)

