=LDR  00895nas a22002898i 4500
=001  020439965
=003  Uk
=005  20220107125537.0
=007  ta
=008  220107c20229999stkmr\p\\\\\\\0\\\a0eng\\
=022  0\$a2754-9054$202
=040  \\$aUk$beng$cUk$erda
=222  \0$aAHRO review of dentistry$b(Print)
=245  00$aAHRO review of dentistry.
=246  3\$aAfrica Health Research Organization review of dentistry
=263  \\$a202201
=264  \1$aGlasgow :$bAHRO
=310  \\$aMonthly
=336  \\$atext$2rdacontent
=337  \\$aunmediated$2rdamedia
=338  \\$avolume$2rdacarrier
=776  08$iAlso issued online as:$tAHRO review of dentistry$x2754-9062
=985  \\$aLDO SERIALS - PLEASE PASS ALL ITEMS RECEIVED TO ISSN UK CENTRE.
=CAT  \\$a11313$b40$c20220107$lBLL01$h1255
=FMT  \\$a  SE
=LAS  \\$a11313$b40$c20220107$lBLL01$h1255
=LET  \0$aAHRO review of dentistry (Print)

