=LDR  01064nas a22002898i 4500
=001  020447327
=003  Uk
=005  20220112115946.0
=007  ta
=008  220112c20229999enkar\p\\\\\\\0\\\a0eng\\
=022  0\$a2755-1091$202
=040  \\$aUk$beng$cUk$erda
=222  \0$aPackage fulfillment, logistics & delivery technology showcase$b(Print)
=245  00$aPackage fulfillment, logistics & delivery technology showcase.
=246  3\$aPackage fulfillment, logistics and delivery technology showcase
=263  \\$a202205
=264  \1$aDorking :$bUKi Media & Events
=310  \\$aAnnual
=336  \\$atext$2rdacontent
=337  \\$aunmediated$2rdamedia
=338  \\$avolume$2rdacarrier
=776  08$iAlso issued online as:$tPackage fulfillment, logistics & delivery technology showcase$x2755-1105
=985  \\$aLDO SERIALS - PLEASE PASS ALL ITEMS RECEIVED TO ISSN UK CENTRE.
=CAT  \\$a10973$b40$c20220112$lBLL01$h1159
=FMT  \\$a  SE
=LAS  \\$a10973$b40$c20220112$lBLL01$h1159
=LET  \0$aPackage fulfillment, logistics & delivery technology showcase (Print)

