=LDR  01136nas a22003018i 4500
=001  020447728
=003  Uk
=005  20220113082800.0
=007  ta
=008  220113c20229999stkmr\p\\\\\\\0\\\a0eng\\
=022  0\$a2754-9097$202
=040  \\$aUk$beng$cUk$erda
=222  \0$aInternational multidisciplinary conference proceedings$b(Print)
=245  00$aInternational multidisciplinary conference proceedings.
=263  \\$a202201
=264  \1$aGlasgow :$bAfrica Health Research Organization (AHRO)
=310  \\$aMonthly
=336  \\$atext$2rdacontent
=337  \\$aunmediated$2rdamedia
=338  \\$avolume$2rdacarrier
=776  08$iAlso issued online as:$tInternational multidisciplinary conference proceedings$x2754-9100
=776  08$iAlso issued as CD-ROM:$tInternational multidisciplinary conference proceedings$x2754-9119
=985  \\$aLDO SERIALS - PLEASE PASS ALL ITEMS RECEIVED TO ISSN UK CENTRE.
=CAT  \\$a11313$b40$c20220113$lBLL01$h0820
=CAT  \\$a11313$b40$c20220113$lBLL01$h0828
=FMT  \\$a  SE
=LAS  \\$a11313$b40$c20220113$lBLL01$h0828
=LET  \0$aInternational multidisciplinary conference proceedings (Print)

