=LDR  00726cas a22002658i 4500
=001  020447849
=003  Uk
=005  20220610152900.0
=007  ta
=008  220113c20239999enkar\p\\\\\\\0\\\a0eng\\
=022  0\$a2755-1121$202
=040  \\$aUk$beng$cUk$erda
=222  \0$aTennis icon
=245  00$aTennis icon.
=263  \\$a202304
=264  \1$aBracknell :$bHM Communications
=310  \\$aAnnual
=336  \\$atext$2rdacontent
=337  \\$aunmediated$2rdamedia
=338  \\$avolume$2rdacarrier
=985  \\$aLDO SERIALS - PLEASE PASS ALL ITEMS RECEIVED TO ISSN UK CENTRE.
=CAT  \\$a10973$b40$c20220113$lBLL01$h1115
=CAT  \\$a11130$b40$c20220610$lBLL01$h1529
=FMT  \\$a  SE
=LAS  \\$a11130$b40$c20220610$lBLL01$h1529

