=LDR  00985nas a22002778i 4500
=001  020448286
=003  Uk
=005  20220114134813.0
=007  ta
=008  220114c20239999enk\x\m\\\\\\\0\\\a0eng\\
=022  0\$a2755-1199$202
=040  \\$aUk$beng$cUk$erda
=222  \0$aCambridge elements in critical issues in teacher education$b(Print)
=245  00$aCambridge elements in critical issues in teacher education.
=263  \\$a202306
=264  \1$aCambridge :$bCambridge University Press
=310  \\$aIrregular
=336  \\$atext$2rdacontent
=337  \\$aunmediated$2rdamedia
=338  \\$avolume$2rdacarrier
=776  08$iAlso issued online as:$tCambridge elements in critical issues in teacher education$x2755-1202
=985  \\$aLDO SERIALS - PLEASE PASS ALL ITEMS RECEIVED TO ISSN UK CENTRE.
=CAT  \\$a10973$b40$c20220114$lBLL01$h1348
=FMT  \\$a  SE
=LAS  \\$a10973$b40$c20220114$lBLL01$h1348
=LET  \0$aCambridge elements in critical issues in teacher education (Print)

