=LDR  01023nas a22002898i 4500
=001  020453080
=003  Uk
=005  20220119174306.0
=007  ta
=008  220119c20229999enkwr\p\\\\\\\0\\\a0eng\\
=022  0\$a2755-1253$202
=040  \\$aUk$beng$cUk$erda
=222  \4$aThe Westminster gazette$b(Qualify. Print)
=245  04$aThe Westminster gazette.
=263  \\$a202201
=264  \1$aLondon :$bThe Westminster Gazette Limited
=310  \\$aWeekly
=336  \\$atext$2rdacontent
=337  \\$aunmediated$2rdamedia
=338  \\$avolume$2rdacarrier
=787  0\$iAlso issued online as:$tWestminster gazette$x2755-1261
=985  \\$aISSN UK Centre: information from publisher, print = weekly and online = daily (same material), used 787 in provisional records but please change if required.
=985  \\$aLDO SERIALS - PLEASE PASS ALL ITEMS RECEIVED TO ISSN UK CENTRE.
=CAT  \\$a10973$b40$c20220119$lBLL01$h1743
=FMT  \\$a  SE
=LAS  \\$a10973$b40$c20220119$lBLL01$h1743
=LET  \4$aThe Westminster gazette (Print)

