=LDR  00919nas a22002778i 4500
=001  020469361
=003  Uk
=005  20220126155541.0
=007  ta
=008  220126c20239999enk\x\m\\\\\\\0\\\a0eng\\
=022  0\$a2753-2666$202
=040  \\$aUk$beng$cUk$erda
=222  \0$aCambridge elements in construction grammar$b(Print)
=245  00$aCambridge elements in construction grammar.
=263  \\$a202306
=264  \1$aCambridge :$bCambridge University Press
=310  \\$aIrregular
=336  \\$atext$2rdacontent
=337  \\$aunmediated$2rdamedia
=338  \\$avolume$2rdacarrier
=776  08$iAlso issued online as:$tCambridge elements in construction grammar$x2753-2674
=985  \\$aLDO SERIALS - PLEASE PASS ALL ITEMS RECEIVED TO ISSN UK CENTRE.
=CAT  \\$a7152$b40$c20220126$lBLL01$h1555
=FMT  \\$a  SE
=LAS  \\$a7152$b40$c20220126$lBLL01$h1555
=LET  \0$aCambridge elements in construction grammar (Print)

