=LDR  01136nas a22002898i 4500
=001  020484836
=003  Uk
=005  20220209132049.0
=007  ta
=008  220209c20229999enktr\p\\\\\\\0\\\a0eng\\
=022  0\$a2755-144X$202
=040  \\$aUk$beng$cUk$erda
=222  \0$aAdvances in economics education$b(Print)
=245  00$aAdvances in economics education.
=263  \\$a202210
=264  \1$aCheltenham :$bEdward Elgar Publishing
=310  \\$aThree times a year
=336  \\$atext$2rdacontent
=337  \\$aunmediated$2rdamedia
=338  \\$avolume$2rdacarrier
=776  08$iAlso issued online as:$tAdvances in economics education$x2755-1458
=985  \\$aISSN UK Centre: change of title from 'Australasian journal of economics education' ISSN 1448-448X (Australian ISSN responsibility). Please let ISSN UK Centre know on completion so ISSN Australia can be asked to close/link their record.
=985  \\$aLDO SERIALS - PLEASE PASS ALL ITEMS RECEIVED TO ISSN UK CENTRE.
=CAT  \\$a10973$b40$c20220209$lBLL01$h1320
=FMT  \\$a  SE
=LAS  \\$a10973$b40$c20220209$lBLL01$h1320
=LET  \0$aAdvances in economics education (Print)

