=LDR  00773nas a22002778i 4500
=001  020485073
=003  Uk
=005  20220210075125.0
=007  ta
=008  220210c20229999enk\x\p\\\\\\\0\\\a0eng\\
=022  0\$a2755-1474$202
=040  \\$aUk$beng$cUk$erda
=222  \2$aA space + a face
=245  02$aA space + a face.
=246  3\$aSpace and a face
=263  \\$a202203
=264  \1$aPathhead :$bBoom Saloon Limited
=310  \\$aIrregular
=336  \\$atext$2rdacontent
=337  \\$aunmediated$2rdamedia
=338  \\$avolume$2rdacarrier
=985  \\$aLDO SERIALS - PLEASE PASS ALL ITEMS RECEIVED TO ISSN UK CENTRE.
=CAT  \\$a10973$b40$c20220210$lBLL01$h0749
=CAT  \\$a10973$b40$c20220210$lBLL01$h0751
=FMT  \\$a  SE
=LAS  \\$a10973$b40$c20220210$lBLL01$h0751

