=LDR  01052cas a22002898i 4500
=001  020485788
=003  Uk
=005  20230405142509.0
=007  ta
=008  220211c20239999enkwr\p\\\\\\\0\\\a0eng\\
=022  0\$a2755-1490$202
=040  \\$aUk$beng$cUk$erda
=222  \4$aThe Infinity saga, the Infinity Gauntlet
=245  04$aThe Infinity saga, the Infinity Gauntlet
=263  \\$a202304
=264  \1$aLondon :$bDe Agostini UK Ltd
=336  \\$atext$2rdacontent
=337  \\$aunmediated$2rdamedia
=338  \\$avolume$2rdacarrier
=985  \\$aISSN UK Centre: title changed in advance of publication from 'Avengers. Infinity War. Build the Infinity Gauntlet' and publication date revised to April 2023. Email rec'd 24/2/23.
=985  \\$aLDO SERIALS - PLEASE PASS ALL ITEMS RECEIVED TO ISSN UK CENTRE.
=CAT  \\$a10973$b40$c20220211$lBLL01$h1133
=CAT  \\$a10973$b40$c20220211$lBLL01$h1136
=CAT  \\$a10973$b40$c20230224$lBLL01$h1109
=CAT  \\$a14185$b40$c20230405$lBLL01$h1425
=FMT  \\$a  SE
=LAS  \\$a14185$b40$c20230405$lBLL01$h1425

