=LDR  00996nas a22002898i 4500
=001  020485862
=003  Uk
=005  20220211130102.0
=007  ta
=008  220211c20229999enkar\p\\\\\\\0\\\a0eng\\
=022  0\$a2755-1504$202
=040  \\$aUk$beng$cUk$erda
=222  \0$aGlobal journal of black sexuality and gender studies$b(Print)
=245  00$aGlobal journal of black sexuality and gender studies.
=263  \\$a202206
=264  \1$aTwickenham :$bW. Sule-Pearce
=310  \\$aAnnual
=336  \\$atext$2rdacontent
=337  \\$aunmediated$2rdamedia
=338  \\$avolume$2rdacarrier
=776  08$iAlso issued online as:$tGlobal journal of black sexuality and gender studies$x2755-1512
=985  \\$aLDO SERIALS - PLEASE PASS ALL ITEMS RECEIVED TO ISSN UK CENTRE.
=CAT  \\$a10973$b40$c20220211$lBLL01$h1252
=CAT  \\$a10973$b40$c20220211$lBLL01$h1301
=FMT  \\$a  SE
=LAS  \\$a10973$b40$c20220211$lBLL01$h1301
=LET  \0$aGlobal journal of black sexuality and gender studies (Print)

