=LDR  00857nas a22002658i 4500
=001  020492042
=003  Uk
=005  20220217152438.0
=007  ta
=008  220217c20229999enk\x\m\\\\\\\0\\\a0eng\\
=022  0\$a2755-1598$202
=040  \\$aUk$beng$cUk$erda
=222  \0$aCambridge elements in development economics$b(Print)
=245  00$aCambridge elements in development economics.
=263  \\$a202212
=264  \1$aCambridge :$bCambridge University Press
=310  \\$aIrregular
=336  \\$atext$2rdacontent
=337  \\$aunmediated$2rdamedia
=338  \\$avolume$2rdacarrier
=776  08$iAlso issued online as:$tCambridge elements in development economics$x2755-1601
=985  \\$aLDO SERIALS - PLEASE PASS ALL ITEMS RECEIVED TO ISSN UK CENTRE.
=CAT  \\$a10973$b40$c20220217$lBLL01$h1524
=FMT  \\$a  SE
=LAS  \\$a10973$b40$c20220217$lBLL01$h1524

