=LDR  00766nas a22002658i 4500
=001  020498301
=003  Uk
=005  20220224082406.0
=007  ta
=008  220224c20229999enkqr\p\\\\\\\0\\\a0eng\\
=022  0\$a2754-9402$202
=040  \\$aUk$beng$cUk$erda
=222  \0$aJust wordsearch collection
=245  00$aJust wordsearch collection.
=263  \\$a202206
=264  \1$aWhitstable :$bPWA International Ltd
=310  \\$aQuarterly
=336  \\$atext$2rdacontent
=337  \\$aunmediated$2rdamedia
=338  \\$avolume$2rdacarrier
=985  \\$aLDO SERIALS - PLEASE PASS ALL ITEMS RECEIVED TO ISSN UK CENTRE.
=CAT  \\$a11313$b40$c20220224$lBLL01$h0824
=FMT  \\$a  SE
=LAS  \\$a11313$b40$c20220224$lBLL01$h0824
=LET  \0$aJust wordsearch collection (Print)

