=LDR  00886nas a22002898i 4500
=001  020499472
=003  Uk
=005  20220228101430.0
=007  ta
=008  220228c20229999enkmr\p\\\\\\\0\\\a0eng\\
=022  0\$a2754-6047$202
=040  \\$aUk$beng$cUk$erda
=222  \0$aArtisans of Barbados$b(Print)
=245  00$aArtisans of Barbados.
=263  \\$a202204
=264  \1$aSouthampton :$bArts & Business Publishing Ltd
=310  \\$aMonthly
=336  \\$atext$2rdacontent
=337  \\$aunmediated$2rdamedia
=338  \\$avolume$2rdacarrier
=776  08$iAlso issued online as:$tArtisans of Barbados$x2754-6055
=985  \\$aLDO SERIALS - PLEASE PASS ALL ITEMS RECEIVED TO ISSN UK CENTRE.
=CAT  \\$a10806$b40$c20220228$lBLL01$h1008
=CAT  \\$a10806$b40$c20220228$lBLL01$h1014
=FMT  \\$a  SE
=LAS  \\$a10806$b40$c20220228$lBLL01$h1014
=LET  \0$aArtisans of Barbados (Print)

