=LDR  00823nas a22002658i 4500
=001  020499510
=003  Uk
=005  20220228124706.0
=007  ta
=008  220228c20239999enk\x\m\\\\\\\0\\\a0eng\\
=022  0\$a2754-6063$202
=040  \\$aUk$beng$cUk$erda
=222  \0$aElements in econophysics$b(Print)
=245  00$aElements in econophysics.
=263  \\$a202306
=264  \1$aCambridge :$bCambridge University Press
=336  \\$atext$2rdacontent
=337  \\$aunmediated$2rdamedia
=338  \\$avolume$2rdacarrier
=776  08$iAlso issued online as:$tElements in econophysics$x2754-6071
=985  \\$aLDO SERIALS - PLEASE PASS ALL ITEMS RECEIVED TO ISSN UK CENTRE.
=CAT  \\$a10806$b40$c20220228$lBLL01$h1247
=FMT  \\$a  SE
=LAS  \\$a10806$b40$c20220228$lBLL01$h1247
=LET  \0$aElements in econophysics (Print)

