=LDR  00733nas a22002658i 4500
=001  020499534
=003  Uk
=005  20220228141245.0
=007  ta
=008  220228c20229999enkar\p\\\\\\\0\\\a0eng\\
=022  0\$a2754-6098$202
=040  \\$aUk$beng$cUk$erda
=222  \0$aGAA Championship
=245  00$aGAA Championship.
=246  3\$aGaelic Athletic Association Championship
=263  \\$a202204
=264  \1$aLondon :$bReach plc
=310  \\$aAnnual
=336  \\$atext$2rdacontent
=337  \\$aunmediated$2rdamedia
=338  \\$avolume$2rdacarrier
=985  \\$aLDO SERIALS - PLEASE PASS ALL ITEMS RECEIVED TO ISSN UK CENTRE.
=CAT  \\$a10806$b40$c20220228$lBLL01$h1412
=FMT  \\$a  SE
=LAS  \\$a10806$b40$c20220228$lBLL01$h1412

