=LDR  01013nas a22002898i 4500
=001  020505450
=003  Uk
=005  20220302115052.0
=007  ta
=008  220302c20229999enkfr\p\\\\\\\0\\\a0eng\\
=022  0\$a2755-1695$202
=040  \\$aUk$beng$cUk$erda
=222  \0$aJournal of modern psychotherapy$b(Print)
=245  00$aJournal of modern psychotherapy.
=263  \\$a202209
=264  \1$aBicester :$bPhoenix Publishing House
=310  \\$aSemiannual
=336  \\$atext$2rdacontent
=337  \\$aunmediated$2rdamedia
=338  \\$avolume$2rdacarrier
=776  08$iAlso issued online as:$tJournal of modern psychotherapy$x2755-1709
=985  \\$aISSN UK Centre: change of title from 'Journal of psychological therapies' ISSN 2632-2099. Please add 78X/LKR as required.
=985  \\$aLDO SERIALS - PLEASE PASS ALL ITEMS RECEIVED TO ISSN UK CENTRE.
=CAT  \\$a10973$b40$c20220302$lBLL01$h1150
=FMT  \\$a  SE
=LAS  \\$a10973$b40$c20220302$lBLL01$h1150
=LET  \0$aJournal of modern psychotherapy (Print)

