=LDR  00952cas a22003018i 4500
=001  020506170
=003  Uk
=005  20220426142718.0
=007  ta
=008  220304c20249999enkmr\p\\\\\\\0\\\a0eng\\
=022  0\$a2753-2763$202
=040  \\$aUk$beng$cUk$erda
=222  \0$aEpsom and Ewell times$b(Qualify. Print)
=245  00$aEpsom and Ewell times.
=263  \\$a202404
=264  \1$aEpsom :$bEpsom and Ewell Times Ltd
=310  \\$aMonthly
=336  \\$atext$2rdacontent
=337  \\$aunmediated$2rdamedia
=338  \\$avolume$2rdacarrier
=985  \\$aPlease link to ISSN 2753-2771 (Online) if print ever received. Thank you
=985  \\$aLDO SERIALS - PLEASE PASS ALL ITEMS RECEIVED TO ISSN UK CENTRE.
=CAT  \\$a7152$b40$c20220304$lBLL01$h0945
=CAT  \\$a10806$b40$c20220426$lBLL01$h1340
=CAT  \\$a11130$b40$c20220426$lBLL01$h1427
=FMT  \\$a  SE
=LAS  \\$a11130$b40$c20220426$lBLL01$h1427
=LET  \0$aEpsom and Ewell times (Print)

