=LDR  00893nas a22002658i 4500
=001  020512663
=003  Uk
=005  20220309145221.0
=007  ta
=008  220309c20239999enk\x\m\\\\\\\0\\\a0eng\\
=022  0\$a2753-278X$202
=040  \\$aUk$beng$cUk$erda
=222  \0$aElements in contemporary performance texts$b(Print)
=245  00$aElements in contemporary performance texts.
=263  \\$a202301
=264  \1$aCambridge :$bCambridge University Press
=336  \\$atext$2rdacontent
=337  \\$aunmediated$2rdamedia
=338  \\$avolume$2rdacarrier
=776  08$iAlso issued online as:$tElements in contemporary performance texts$x2753-2798
=985  \\$aLDO SERIALS - PLEASE PASS ALL ITEMS RECEIVED TO ISSN UK CENTRE.
=CAT  \\$a7152$b40$c20220309$lBLL01$h1452
=FMT  \\$a  SE
=LAS  \\$a7152$b40$c20220309$lBLL01$h1452
=LET  \0$aElements in contemporary performance texts (Print)

