=LDR  00741nas a22002658i 4500
=001  020513911
=003  Uk
=005  20220311161845.0
=007  ta
=008  220311c20229999enkmr\p\\\\\\\0\\\a0eng\\
=022  0\$a2755-1806$202
=040  \\$aUk$beng$cUk$erda
=222  \0$aAviationSource magazine
=245  00$aAviationSource magazine.
=246  3\$aAviation source magazine
=263  \\$a202203
=264  \1$aDunmow :$bAviationSource Ltd
=310  \\$aMonthly
=336  \\$atext$2rdacontent
=337  \\$aunmediated$2rdamedia
=338  \\$avolume$2rdacarrier
=985  \\$aLDO SERIALS - PLEASE PASS ALL ITEMS RECEIVED TO ISSN UK CENTRE.
=CAT  \\$a10973$b40$c20220311$lBLL01$h1618
=FMT  \\$a  SE
=LAS  \\$a10973$b40$c20220311$lBLL01$h1618

