=LDR  00812nas a22002658i 4500
=001  020521758
=003  Uk
=005  20220317130016.0
=007  ta
=008  220317c20239999enk\x\m\\\\\\\0\\\a0eng\\
=022  0\$a2755-1865$202
=040  \\$aUk$beng$cUk$erda
=222  \0$aElements in crime narratives$b(Print)
=245  00$aElements in crime narratives.
=263  \\$a202306
=264  \1$aCambridge :$bCambridge University Press
=310  \\$aIrregular
=336  \\$atext$2rdacontent
=337  \\$aunmediated$2rdamedia
=338  \\$avolume$2rdacarrier
=776  08$iAlso issued online as:$tElements in crime narratives$x2755-1873
=985  \\$aLDO SERIALS - PLEASE PASS ALL ITEMS RECEIVED TO ISSN UK CENTRE.
=CAT  \\$a10973$b40$c20220317$lBLL01$h1300
=FMT  \\$a  SE
=LAS  \\$a10973$b40$c20220317$lBLL01$h1300

