=LDR  00670nas a22002538i 4500
=001  020521781
=003  Uk
=005  20220317134642.0
=007  ta
=008  220317c20229999enkmr\p\\\\\\\0\\\a0eng\\
=022  0\$a2755-189X$202
=040  \\$aUk$beng$cUk$erda
=222  \0$aCroix-noire
=245  00$aCroix-noire.
=263  \\$a202204
=264  \1$aLondon :$bMadhouse Rag
=310  \\$aMonthly
=336  \\$atext$2rdacontent
=337  \\$aunmediated$2rdamedia
=338  \\$avolume$2rdacarrier
=985  \\$aLDO SERIALS - PLEASE PASS ALL ITEMS RECEIVED TO ISSN UK CENTRE.
=CAT  \\$a10973$b40$c20220317$lBLL01$h1346
=FMT  \\$a  SE
=LAS  \\$a10973$b40$c20220317$lBLL01$h1346

