=LDR  00701nas a22002658i 4500
=001  020528851
=003  Uk
=005  20220323164247.0
=007  ta
=008  220323c20229999enkar\p\\\\\\\0\\\a0eng\\
=022  0\$a2755-1954$202
=040  \\$aUk$beng$cUk$erda
=222  \0$aTocsin$b(Qualify)
=245  00$aTocsin.
=246  13$a
=263  \\$a202209
=264  \1$aLondon :$bI. Nevzgliadenko
=310  \\$aAnnual
=336  \\$atext$2rdacontent
=337  \\$aunmediated$2rdamedia
=338  \\$avolume$2rdacarrier
=985  \\$aLDO SERIALS - PLEASE PASS ALL ITEMS RECEIVED TO ISSN UK CENTRE.
=CAT  \\$a10973$b40$c20220323$lBLL01$h1642
=FMT  \\$a  SE
=LAS  \\$a10973$b40$c20220323$lBLL01$h1642

