=LDR  00682nas a22002418i 4500
=001  020528853
=003  Uk
=005  20220323170700.0
=007  ta
=008  220323c20229999enkwr\p\\\\\\\0\\\a0eng\\
=022  0\$a2755-1962$202
=040  \\$aUk$beng$cUk$erda
=222  \0$aHow to be a modern witch
=245  00$aHow to be a modern witch.
=263  \\$a202209
=264  \1$aLondon :$bHachette Partworks Ltd
=336  \\$atext$2rdacontent
=337  \\$aunmediated$2rdamedia
=338  \\$avolume$2rdacarrier
=985  \\$aLDO SERIALS - PLEASE PASS ALL ITEMS RECEIVED TO ISSN UK CENTRE.
=CAT  \\$a10973$b40$c20220323$lBLL01$h1707
=FMT  \\$a  SE
=LAS  \\$a10973$b40$c20220323$lBLL01$h1707

