=LDR  00700nas a22002538i 4500
=001  020537413
=003  Uk
=005  20220331114305.0
=007  ta
=008  220331c20229999enkmx\p\\\\\\\0\\\a0eng\\
=022  0\$a2753-8001$202
=040  \\$aUk$beng$cUk$erda
=222  \0$a5000 words puzzles
=245  00$a5000 words puzzles.
=263  \\$a202207
=264  \1$aLondon :$bKeesing Media UK Ltd
=310  \\$a13 times a year
=336  \\$atext$2rdacontent
=337  \\$aunmediated$2rdamedia
=338  \\$avolume$2rdacarrier
=985  \\$aLDO SERIALS - PLEASE PASS ALL ITEMS RECEIVED TO ISSN UK CENTRE.
=CAT  \\$a10973$b40$c20220331$lBLL01$h1143
=FMT  \\$a  SE
=LAS  \\$a10973$b40$c20220331$lBLL01$h1143

