=LDR  00812nas a22002778i 4500
=001  020537444
=003  Uk
=005  20220331130433.0
=007  ta
=008  220331c20229999enkfr\m\\\\\\\0\\\a0eng\\
=022  0\$a2753-8036$202
=040  \\$aUk$beng$cUk$erda
=222  \4$aThe global Qur'an$b(Print)
=245  04$aThe global Qur'an.
=263  \\$a202204
=264  \1$aCambridge :$bOpen Book Publishers
=310  \\$aSemiannual
=336  \\$atext$2rdacontent
=337  \\$aunmediated$2rdamedia
=338  \\$avolume$2rdacarrier
=776  08$iAlso issued online as:$tGlobal Qur'an$x2753-8044
=985  \\$aLDO SERIALS - PLEASE PASS ALL ITEMS RECEIVED TO ISSN UK CENTRE.
=CAT  \\$a10973$b40$c20220331$lBLL01$h1304
=FMT  \\$a  SE
=LAS  \\$a10973$b40$c20220331$lBLL01$h1304
=LET  \4$aThe global Qur'an (Print)

