=LDR  00883nas a22002898i 4500
=001  020537456
=003  Uk
=005  20220331132538.0
=007  ta
=008  220331c20229999enk\x\p\\\\\\\0\\\a0eng\\
=022  0\$a2753-8060$202
=040  \\$aUk$beng$cUk$erda
=222  \0$aAgri investor$b(Print)
=245  00$aAgri investor.
=263  \\$a202204
=264  \1$aLondon :$bPEI Media
=310  \\$aIrregular
=336  \\$atext$2rdacontent
=337  \\$aunmediated$2rdamedia
=338  \\$avolume$2rdacarrier
=776  08$iAlso issued online as:$tAgri investor$x2753-8079
=985  \\$aISSN UK Centre: publisher advises this will be ad-hoc, maybe 2 to 4 times a year.
=985  \\$aLDO SERIALS - PLEASE PASS ALL ITEMS RECEIVED TO ISSN UK CENTRE.
=CAT  \\$a10973$b40$c20220331$lBLL01$h1325
=FMT  \\$a  SE
=LAS  \\$a10973$b40$c20220331$lBLL01$h1325
=LET  \0$aAgri investor (Print)

