=LDR  00877nas a22002778i 4500
=001  020538429
=003  Uk
=005  20220401162913.0
=007  ta
=008  220401c20239999enk\x\m\\\\\\\0\\\a0eng\\
=022  0\$a2753-8109$202
=040  \\$aUk$beng$cUk$erda
=222  \0$aElements in gender and politics$b(Print)
=245  00$aElements in gender and politics.
=263  \\$a202303
=264  \1$aCambridge :$bCambridge University Press
=310  \\$aIrregular
=336  \\$atext$2rdacontent
=337  \\$aunmediated$2rdamedia
=338  \\$avolume$2rdacarrier
=776  08$iAlso issued online as:$tElements in gender and politics$x2753-8117
=985  \\$aLDO SERIALS - PLEASE PASS ALL ITEMS RECEIVED TO ISSN UK CENTRE.
=CAT  \\$a10973$b40$c20220401$lBLL01$h1629
=FMT  \\$a  SE
=LAS  \\$a10973$b40$c20220401$lBLL01$h1629
=LET  \0$aElements in gender and politics (Print)

