=LDR  00685nas a22002538i 4500
=001  020547604
=003  Uk
=005  20220406163334.0
=007  ta
=008  220406c20229999enkwr\p\\\\\\\0\\\a0eng\\
=022  0\$a2753-8133$202
=040  \\$aUk$beng$cUk$erda
=222  \0$aPaint by numbers
=245  00$aPaint by numbers.
=263  \\$a202209
=264  \1$aLondon :$bHachette Partworks
=310  \\$aWeekly
=336  \\$atext$2rdacontent
=337  \\$aunmediated$2rdamedia
=338  \\$avolume$2rdacarrier
=985  \\$aLDO SERIALS - PLEASE PASS ALL ITEMS RECEIVED TO ISSN UK CENTRE.
=CAT  \\$a10973$b40$c20220406$lBLL01$h1633
=FMT  \\$a  SE
=LAS  \\$a10973$b40$c20220406$lBLL01$h1633

