=LDR  01061nas a22002778i 4500
=001  020548444
=003  Uk
=005  20220407122606.0
=007  ta
=008  220407c20229999enkwr\p\\\\\\\0\\\a0eng\\
=022  0\$a2753-815X$202
=040  \\$aUk$beng$cUk$erda
=222  \4$aThe Lancaster bomber B.III
=245  04$aThe Lancaster bomber B.III.
=246  3\$aLancaster bomber B three
=263  \\$a202209
=264  \1$aLondon :$bHachette Partworks
=310  \\$aWeekly
=336  \\$atext$2rdacontent
=337  \\$aunmediated$2rdamedia
=338  \\$avolume$2rdacarrier
=985  \\$aISSN UK Centre: application received was for 'The Lancaster bomber', queried existing partwork but publisher has confirmed this is not a relaunch/reissue of ISSN 1758-0226, magazine and model content will be completely new'. Cover image supplied by publisher show this new title is the BIII bomber.
=985  \\$aLDO SERIALS - PLEASE PASS ALL ITEMS RECEIVED TO ISSN UK CENTRE.
=CAT  \\$a10973$b40$c20220407$lBLL01$h1226
=FMT  \\$a  SE
=LAS  \\$a10973$b40$c20220407$lBLL01$h1226

