=LDR  00874nas a22002778i 4500
=001  020558913
=003  Uk
=005  20220422074518.0
=007  ta
=008  220422c20239999enkfr\p\\\\\\\0\\\a0eng\\
=022  0\$a2754-673X$202
=040  \\$aUk$beng$cUk$erda
=222  \0$aIndigenous religious traditions$b(Print)
=245  00$aIndigenous religious traditions.
=263  \\$a202306
=264  \1$aSheffield :$bEquinox Publishing Ltd
=310  \\$aSemiannual
=336  \\$atext$2rdacontent
=337  \\$aunmediated$2rdamedia
=338  \\$avolume$2rdacarrier
=776  08$iAlso issued online as:$tIndigenous religious traditions$x2754-6748
=985  \\$aLDO SERIALS - PLEASE PASS ALL ITEMS RECEIVED TO ISSN UK CENTRE.
=CAT  \\$a10806$b40$c20220422$lBLL01$h0745
=FMT  \\$a  SE
=LAS  \\$a10806$b40$c20220422$lBLL01$h0745
=LET  \0$aIndigenous religious traditions (Print)

