=LDR  00949cas a22003018i 4500
=001  020558918
=003  Uk
=005  20220930074353.0
=007  ta
=008  220422c20239999enktr\p\\\\\\\0\\\a0eng\\
=022  0\$a2754-6756$202
=040  \\$aUk$beng$cUk$erda
=222  \0$aFigwort literary journal$b(Print)
=245  00$aFigwort literary journal.
=263  \\$a202307
=264  \1$aRugeley, Staffordshire :$bHazel Lockey
=310  \\$aThree times a year
=336  \\$atext$2rdacontent
=337  \\$aunmediated$2rdamedia
=338  \\$avolume$2rdacarrier
=985  \\$aLDO SERIALS - PLEASE PASS ALL ITEMS RECEIVED TO ISSN UK CENTRE.
=985  \\$aPlease link to ISSN 2754-6764 (Online) on completion.
=CAT  \\$a10806$b40$c20220422$lBLL01$h0805
=CAT  \\$a10806$b40$c20220928$lBLL01$h1219
=CAT  \\$a11130$b40$c20220930$lBLL01$h0743
=FMT  \\$a  SE
=LAS  \\$a11130$b40$c20220930$lBLL01$h0743
=LET  \0$aFigwort literary journal (Print)

