=LDR  01077nas a22003018i 4500
=001  020561645
=003  Uk
=005  20220425122915.0
=007  ta
=008  220425c20229999enkar\p\\\\\\\0\\\a0eng\\
=022  0\$a2753-8540$202
=040  \\$aUk$beng$cUk$erda
=222  \0$aRailway & bus interiors international$b(Print)
=245  00$aRailway & bus interiors international.
=246  3\$aRailway and bus interiors international
=263  \\$a202209
=264  \1$aDartford :$bMA Business Ltd
=310  \\$aAnnual
=336  \\$atext$2rdacontent
=337  \\$aunmediated$2rdamedia
=338  \\$avolume$2rdacarrier
=776  08$iAlso issued online as:$tRailway & bus interiors international$x2753-8559
=985  \\$aISSN UK Centre: change of title from 'Railway Interiors International' ISSN 1744-2281. Please add 78X/LKR as required.
=985  \\$aLDO SERIALS - PLEASE PASS ALL ITEMS RECEIVED TO ISSN UK CENTRE.
=CAT  \\$a10973$b40$c20220425$lBLL01$h1229
=FMT  \\$a  SE
=LAS  \\$a10973$b40$c20220425$lBLL01$h1229
=LET  \0$aRailway & bus interiors international (Print)

