=LDR  00869nas a22002778i 4500
=001  020568054
=003  Uk
=005  20220429130110.0
=007  ta
=008  220429c20229999enkfr\p\\\\\\\0\\\a0eng\\
=022  0\$a2753-8656$202
=040  \\$aUk$beng$cUk$erda
=222  \0$aTransnational education review$b(Print)
=245  00$aTransnational education review.
=263  \\$a202211
=264  \1$aSale :$bTransnational Press London
=310  \\$aSemiannual
=336  \\$atext$2rdacontent
=337  \\$aunmediated$2rdamedia
=338  \\$avolume$2rdacarrier
=776  08$iAlso issued online as:$tTransnational education review$x2753-8664
=985  \\$aLDO SERIALS - PLEASE PASS ALL ITEMS RECEIVED TO ISSN UK CENTRE.
=CAT  \\$a10973$b40$c20220429$lBLL01$h1301
=FMT  \\$a  SE
=LAS  \\$a10973$b40$c20220429$lBLL01$h1301
=LET  \0$aTransnational education review (Print)

