=LDR  00837nas a22002778i 4500
=001  020568057
=003  Uk
=005  20220429131113.0
=007  ta
=008  220429c20229999enkfr\p\\\\\\\0\\\a0eng\\
=022  0\$a2753-8672$202
=040  \\$aUk$beng$cUk$erda
=222  \0$aIstanbul policy review$b(Print)
=245  00$aIstanbul policy review.
=263  \\$a202212
=264  \1$aSale :$bTransnational Press London
=310  \\$aSemiannual
=336  \\$atext$2rdacontent
=337  \\$aunmediated$2rdamedia
=338  \\$avolume$2rdacarrier
=776  08$iAlso issued online as:$tIstanbul policy review$x2753-8680
=985  \\$aLDO SERIALS - PLEASE PASS ALL ITEMS RECEIVED TO ISSN UK CENTRE.
=CAT  \\$a10973$b40$c20220429$lBLL01$h1311
=FMT  \\$a  SE
=LAS  \\$a10973$b40$c20220429$lBLL01$h1311
=LET  \0$aIstanbul policy review (Print)

