=LDR  00861nas a22002658i 4500
=001  020577061
=003  Uk
=005  20220504093420.0
=007  ta
=008  220504c20229999enkfr\p\\\\\\\0\\\a0eng\\
=022  0\$a2754-6861$202
=040  \\$aUk$beng$cUk$erda
=222  \0$aFun to learn Peppa Pig special
=245  00$aFun to learn Peppa Pig special.
=263  \\$a202207
=264  \1$aShrewsbury :$bRedan Publishing Limited
=310  \\$aSemiannual
=336  \\$atext$2rdacontent
=337  \\$aunmediated$2rdamedia
=338  \\$avolume$2rdacarrier
=985  \\$aLDO SERIALS - PLEASE PASS ALL ITEMS RECEIVED TO ISSN UK CENTRE.
=985  \\$aConfirmation received from publisher that the word 'special' will be quoted on the resource (email received 03/05/22)
=CAT  \\$a10806$b40$c20220504$lBLL01$h0934
=FMT  \\$a  SE
=LAS  \\$a10806$b40$c20220504$lBLL01$h0934

