=LDR  00903cas a22003018i 4500
=001  020577492
=003  Uk
=005  20220826113109.0
=007  ta
=008  220505c20229999enkmr\p\\\\\\\0\\\a0eng\\
=022  0\$a2753-8737$202
=040  \\$aUk$beng$cUk$erda
=222  \0$aSBC magazine$b(Qualify. Print)
=245  00$aSBC magazine.
=246  3\$aSams Broadcasting Corporation magazine
=263  \\$a202204
=264  \1$aHove :$bS. Sadig Baheran
=310  \\$aMonthly
=336  \\$atext$2rdacontent
=337  \\$aunmediated$2rdamedia
=338  \\$avolume$2rdacarrier
=985  \\$aLDO SERIALS - PLEASE PASS ALL ITEMS RECEIVED TO ISSN UK CENTRE.
=985  \\$aPlease link to ISSN 2753-8745 (Online) on completion.
=CAT  \\$a10973$b40$c20220505$lBLL01$h1040
=CAT  \\$a10806$b40$c20220826$lBLL01$h1131
=FMT  \\$a  SE
=LAS  \\$a10806$b40$c20220826$lBLL01$h1131
=LET  \0$aSBC magazine (Print)

