=LDR  00957cas a22003018i 4500
=001  020578263
=003  Uk
=005  20221025151626.0
=007  ta
=008  220506c20229999enkar\p\\\\\\\0\\\a0eng\\
=022  0\$a2754-6896$202
=040  \\$aUk$beng$cUk$erda
=222  \0$aPainting made easy$b(Print)
=245  00$aPainting made easy.
=263  \\$a202206
=264  \1$aLondon :$bChelsea Magazine Company Limited
=310  \\$aAnnual
=336  \\$atext$2rdacontent
=337  \\$aunmediated$2rdamedia
=338  \\$avolume$2rdacarrier
=985  \\$aC/T from 'Easy painting' ISSN 2753-1538. Please link on completion.
=985  \\$aPlease link to ISSN 2754-690X (Online) on completion
=985  \\$aLDO SERIALS - PLEASE PASS ALL ITEMS RECEIVED TO ISSN UK CENTRE.
=CAT  \\$a10806$b40$c20220506$lBLL01$h1316
=CAT  \\$a10806$b40$c20221025$lBLL01$h1516
=FMT  \\$a  SE
=LAS  \\$a10806$b40$c20221025$lBLL01$h1516
=LET  \0$aPainting made easy (Print)

