=LDR  00765cas a22002658i 4500
=001  020580112
=003  Uk
=005  20220513133826.0
=007  ta
=008  220510c20229999enkmr\p\\\\\\\0\\\a0eng\\
=022  0\$a2754-6942$202
=040  \\$aUk$beng$cUk$erda
=222  \4$aThe signature collection$b(Qualify)
=245  04$aThe signature collection.
=263  \\$a202206
=264  \1$aLondon :$bFuture Publishing Ltd
=310  \\$aMonthly
=336  \\$atext$2rdacontent
=337  \\$aunmediated$2rdamedia
=338  \\$avolume$2rdacarrier
=985  \\$aLDO SERIALS - PLEASE PASS ALL ITEMS RECEIVED TO ISSN UK CENTRE.
=CAT  \\$a10806$b40$c20220510$lBLL01$h0755
=CAT  \\$a10806$b40$c20220513$lBLL01$h1338
=FMT  \\$a  SE
=LAS  \\$a10806$b40$c20220513$lBLL01$h1338

