=LDR  00685nas a22002538i 4500
=001  020580142
=003  Uk
=005  20220510083747.0
=007  ta
=008  220510c20229999enkmr\p\\\\\\\0\\\a0eng\\
=022  0\$a2754-6950$202
=040  \\$aUk$beng$cUk$erda
=222  \0$aASDA brain boost
=245  00$aASDA brain boost.
=263  \\$a202206
=264  \1$aPeterborough :$bBauer Media
=310  \\$aMonthly
=336  \\$atext$2rdacontent
=337  \\$aunmediated$2rdamedia
=338  \\$avolume$2rdacarrier
=985  \\$aLDO SERIALS - PLEASE PASS ALL ITEMS RECEIVED TO ISSN UK CENTRE.
=CAT  \\$a10806$b40$c20220510$lBLL01$h0837
=FMT  \\$a  SE
=LAS  \\$a10806$b40$c20220510$lBLL01$h0837

