=LDR  00904nas a22002898i 4500
=001  020580194
=003  Uk
=005  20220510095137.0
=007  ta
=008  220510c20229999enkmr\m\\\\\\\0\\\a0eng\\
=022  0\$a2754-6985$202
=040  \\$aUk$beng$cUk$erda
=222  \4$aThe select series
=245  04$aThe select series.
=263  \\$a202206
=264  \1$aLondon :$bFuture Publishing Ltd
=310  \\$aMonthly
=336  \\$atext$2rdacontent
=337  \\$aunmediated$2rdamedia
=338  \\$avolume$2rdacarrier
=985  \\$aFirst volume will be 'The gut health book'.
=985  \\$aPublisher states not same as ISSN 2752-8154 Future select series (email reply 10/05/22)
=985  \\$aLDO SERIALS - PLEASE PASS ALL ITEMS RECEIVED TO ISSN UK CENTRE.
=CAT  \\$a10806$b40$c20220510$lBLL01$h0948
=CAT  \\$a10806$b40$c20220510$lBLL01$h0951
=FMT  \\$a  SE
=LAS  \\$a10806$b40$c20220510$lBLL01$h0951

