=LDR  01007nas a22002898i 4500
=001  020582816
=003  Uk
=005  20220512150900.0
=007  ta
=008  220512c20229999enkfr\p\\\\\\\0\\\a0eng\\
=022  0\$a2753-3158$202
=040  \\$aUk$beng$cUk$erda
=222  \0$aAfrican journal of information systems and library science$b(Print)
=245  00$aAfrican journal of information systems and library science.
=246  30$aAJISLS
=263  \\$a202206
=264  \1$aLondon :$bAdonis & Abbey Publishers Ltd
=310  \\$aSemiannual
=336  \\$atext$2rdacontent
=337  \\$aunmediated$2rdamedia
=338  \\$avolume$2rdacarrier
=776  08$iAlso issued online as:$tAfrican journal of information systems and library science$x2753-3166
=985  \\$aLDO SERIALS - PLEASE PASS ALL ITEMS RECEIVED TO ISSN UK CENTRE.
=CAT  \\$a7152$b40$c20220512$lBLL01$h1509
=FMT  \\$a  SE
=LAS  \\$a7152$b40$c20220512$lBLL01$h1509
=LET  \0$aAfrican journal of information systems and library science (Print)

