=LDR  01013cas a22003018i 4500
=001  020583242
=003  Uk
=005  20230823080927.0
=007  ta
=008  220513c20229999enkfr\p\\\\\\\0\\\a0eng\\
=022  0\$a2753-3190$202
=040  \\$aUk$beng$cUk$erda
=222  \0$aJournal of African history and archaeology$b(Print)
=245  00$aJournal of African history and archaeology.
=246  30$aJAHA
=263  \\$a202206
=264  \1$aLondon :$bAdonis & Abbey Publishers Ltd
=310  \\$aSemiannual
=336  \\$atext$2rdacontent
=337  \\$aunmediated$2rdamedia
=338  \\$avolume$2rdacarrier
=985  \\$aLDO SERIALS - PLEASE PASS ALL ITEMS RECEIVED TO ISSN UK CENTRE.
=985  \\$aISSN UK Centre: please see online version, ISSN 2753-3204 and add 776 to both records on completion.
=CAT  \\$a7152$b40$c20220513$lBLL01$h0927
=CAT  \\$a10973$b40$c20230823$lBLL01$h0809
=FMT  \\$a  SE
=LAS  \\$a10973$b40$c20230823$lBLL01$h0809
=LET  \0$aJournal of African history and archaeology (Print

