=LDR  00739nas a22002658i 4500
=001  020583305
=003  Uk
=005  20220513113831.0
=007  ta
=008  220513c20229999nikmr\p\\\\\\\0\\\a0eng\\
=022  0\$a2754-995X$202
=040  \\$aUk$beng$cUk$erda
=222  \0$aLocal women sport
=245  00$aLocal women sport.
=263  \\$a202205
=264  \1$aDerry-Londonderry :$bSM Media Limited
=310  \\$aMonthly
=336  \\$atext$2rdacontent
=337  \\$aunmediated$2rdamedia
=338  \\$avolume$2rdacarrier
=985  \\$aLDO SERIALS - PLEASE PASS ALL ITEMS RECEIVED TO ISSN UK CENTRE.
=CAT  \\$a11313$b40$c20220513$lBLL01$h1138
=FMT  \\$a  SE
=LAS  \\$a11313$b40$c20220513$lBLL01$h1138
=LET  \0$aLocal women sport (Print)

