=LDR  00884cas a22002778i 4500
=001  020583344
=003  Uk
=005  20231010094052.0
=007  ta
=008  220513c20239999enkbr\p\\\\\\\0\\\a0eng\\
=022  0\$a2753-8842$202
=040  \\$aUk$beng$cUk$erda
=222  \0$aInsight higher education magazine$b(Print)
=245  00$aInsight higher education magazine.
=263  \\$a202311
=264  \1$aPeterborough :$bJosben International College UK
=310  \\$aBimonthly
=336  \\$atext$2rdacontent
=337  \\$aunmediated$2rdamedia
=338  \\$avolume$2rdacarrier
=776  08$iAlso issued online as:$tInsight higher education magazine$x2977-8018
=985  \\$aLDO SERIALS - PLEASE PASS ALL ITEMS RECEIVED TO ISSN UK CENTRE.
=CAT  \\$a10973$b40$c20220513$lBLL01$h1245
=CAT  \\$a10973$b40$c20231010$lBLL01$h0940
=FMT  \\$a  SE
=LAS  \\$a10973$b40$c20231010$lBLL01$h0940

