=LDR  00895nas a22002658i 4500
=001  020584240
=003  Uk
=005  20220516075500.0
=007  ta
=008  220516c20229999enkuu\m\\\\\\\0\\\a0eng\\
=022  0\$a2753-7129$202
=040  \\$aUk$beng$cUk$erda
=222  \0$aElements in public engagement with science$b(Print)
=245  00$aElements in public engagement with science.
=263  \\$a202212
=264  \1$aCambridge :$bCambridge University Press
=336  \\$atext$2rdacontent
=337  \\$aunmediated$2rdamedia
=338  \\$avolume$2rdacarrier
=776  08$iAlso issued online as:$tElements in public engagement with science$x2753-7137
=985  \\$aLDO SERIALS - PLEASE PASS ALL ITEMS RECEIVED TO ISSN UK CENTRE.
=CAT  \\$a10806$b40$c20220516$lBLL01$h0755
=FMT  \\$a  SE
=LAS  \\$a10806$b40$c20220516$lBLL01$h0755
=LET  \0$aElements in public engagement with science (Print)

