=LDR  00820nas a22002898i 4500
=001  020584850
=003  Uk
=005  20220517140850.0
=007  ta
=008  220517c20229999enkqr\p\\\\\\\0\\\a0eng\\
=022  0\$a2753-7161$202
=040  \\$aUk$beng$cUk$erda
=222  \0$aLit. 202$b(Print)
=245  00$aLit. 202.
=246  3\$aLiterature 202
=263  \\$a202206
=264  \1$aCheltenham :$bAlexander P. Harwood
=310  \\$aQuarterly
=336  \\$atext$2rdacontent
=337  \\$aunmediated$2rdamedia
=338  \\$avolume$2rdacarrier
=985  \\$aPlease link to ISSN 2754-6888 (Online) on completion
=985  \\$aLDO SERIALS - PLEASE PASS ALL ITEMS RECEIVED TO ISSN UK CENTRE.
=CAT  \\$a10806$b40$c20220517$lBLL01$h1408
=FMT  \\$a  SE
=LAS  \\$a10806$b40$c20220517$lBLL01$h1408
=LET  \0$aLit. 202 (Print)

