=LDR  00900cas a22002898i 4500
=001  020620709
=003  Uk
=005  20230822082535.0
=007  ta
=008  220524c20229999enkfr\p\\\\\\\0\\\a0eng\\
=022  0\$a2755-2519$202
=040  \\$aUk$beng$cUk$erda
=222  \0$aPresent space$b(Print)
=245  00$aPresent space.
=263  \\$a202211
=264  \1$aLondon :$bPresent Space Limited
=310  \\$aSemiannual
=336  \\$atext$2rdacontent
=337  \\$aunmediated$2rdamedia
=338  \\$avolume$2rdacarrier
=985  \\$aSee also online version, ISSN 2755-2527 - please add 776 fields when completing. ISSN UK, 22.08.2023.
=985  \\$aLDO SERIALS - PLEASE PASS ALL ITEMS RECEIVED TO ISSN UK CENTRE.
=CAT  \\$a11313$b40$c20220524$lBLL01$h0927
=CAT  \\$a11313$b40$c20230822$lBLL01$h0825
=FMT  \\$a  SE
=LAS  \\$a11313$b40$c20230822$lBLL01$h0825
=LET  \0$aPresent space (Print)

