=LDR  01089cas a22002898i 4500
=001  020625417
=003  Uk
=005  20220526092927.0
=007  ta
=008  220526c20229999enkmx\p\\\\\\\0\\\a0eng\\
=022  0\$a2753-8966$202
=040  \\$aUk$beng$cUk$erda
=222  \0$aDrink series
=245  00$aDrink series.
=263  \\$a202207
=264  \1$aNorwich :$bParagraph Publishing Ltd
=310  \\$aFourteen times a year
=336  \\$atext$2rdacontent
=337  \\$aunmediated$2rdamedia
=338  \\$avolume$2rdacarrier
=985  \\$aISSN UK Centre: ISSN assigned to new series created for retail which will consist of 2 existing publications (Whisky magazine and Gin magazine). Both existing publications to continue as standalone titles, issues sold through one retailer will be part of this 'Drink series'.
=985  \\$aLDO SERIALS - PLEASE PASS ALL ITEMS RECEIVED TO ISSN UK CENTRE.
=CAT  \\$a10973$b40$c20220526$lBLL01$h0926
=CAT  \\$a10973$b40$c20220526$lBLL01$h0928
=CAT  \\$a10973$b40$c20220526$lBLL01$h0929
=FMT  \\$a  SE
=LAS  \\$a10973$b40$c20220526$lBLL01$h0929

