=LDR  01084nas a22003138i 4500
=001  020625596
=003  Uk
=005  20220526142321.0
=007  ta
=008  220526c20229999enktr\p\\\\\\\0\\\a0eng\\
=022  0\$a2755-2551$202
=040  \\$aUk$beng$cUk$erda
=222  \0$aSSR in practice$b(Print)
=245  00$aSSR in practice.
=246  3\$aSchool science review in practice
=263  \\$a202206
=264  \1$aHatfield :$bAssociation for Science Education
=310  \\$aThree issues yearly
=336  \\$atext$2rdacontent
=337  \\$aunmediated$2rdamedia
=338  \\$avolume$2rdacarrier
=776  08$iAlso issued online as:$tSSR in practice$x2755-256X
=985  \\$aISSN UK Centre note: Continues in part 'School science review' ISSN 0036-6811 - please add 7XX fields when completing. ISSN UK, 26.05.2022.
=985  \\$aLDO SERIALS - PLEASE PASS ALL ITEMS RECEIVED TO ISSN UK CENTRE.
=CAT  \\$a11313$b40$c20220526$lBLL01$h1414
=CAT  \\$a11313$b40$c20220526$lBLL01$h1423
=FMT  \\$a  SE
=LAS  \\$a11313$b40$c20220526$lBLL01$h1423
=LET  \0$aSSR in practice (Print)

