=LDR  00860nas a22003018i 4500
=001  020626365
=003  Uk
=005  20220530085911.0
=007  ta
=008  220530c20229999enkqr\p\\\\\\\0\\\b0spa\\
=022  0\$a2753-7218$202
=040  \\$aUk$beng$cUk$erda
=222  \0$aLacort$b(Print)
=245  00$aLacort.
=246  13$aLacort medical magazine
=263  \\$a202205
=264  \1$aBath :$bLacort Medical Limited
=310  \\$aQuarterly
=336  \\$atext$2rdacontent
=337  \\$aunmediated$2rdamedia
=338  \\$avolume$2rdacarrier
=985  \\$aLDO SERIALS - PLEASE PASS ALL ITEMS RECEIVED TO ISSN UK CENTRE.
=985  \\$aPlease link to ISSN 2753-7226 on completion.
=CAT  \\$a10806$b40$c20220530$lBLL01$h0859
=CAT  \\$a10806$b40$c20220530$lBLL01$h0859
=FMT  \\$a  SE
=LAS  \\$a10806$b40$c20220530$lBLL01$h0859
=LET  \0$aLacort (Print)

