=LDR  00732nas a22002658i 4500
=001  020626861
=003  Uk
=005  20220531112906.0
=007  ta
=008  220531c20229999enkqr\p\\\\\\\0\\\a0eng\\
=022  0\$a2755-2586$202
=040  \\$aUk$beng$cUk$erda
=222  \0$aRivals in the sky
=245  00$aRivals in the sky.
=263  \\$a202209
=264  \1$aYalding :$bKelsey Publishing
=310  \\$aQuarterly
=336  \\$atext$2rdacontent
=337  \\$aunmediated$2rdamedia
=338  \\$avolume$2rdacarrier
=985  \\$aLDO SERIALS - PLEASE PASS ALL ITEMS RECEIVED TO ISSN UK CENTRE.
=CAT  \\$a11313$b40$c20220531$lBLL01$h1129
=FMT  \\$a  SE
=LAS  \\$a11313$b40$c20220531$lBLL01$h1129
=LET  \0$aRivals in the sky (Print)

