=LDR  00924nas a22002778i 4500
=001  020634394
=003  Uk
=005  20220606140106.0
=007  ta
=008  220606c20239999enkfr\p\\\\\\\0\\\a0eng\\
=022  0\$a2755-2616$202
=040  \\$aUk$beng$cUk$erda
=222  \0$aStudies on mathematics education and society$b(Print)
=245  00$aStudies on mathematics education and society.
=263  \\$a202301
=264  \1$aCambridge :$bOpen Book Publishers
=310  \\$aSemiannual
=336  \\$atext$2rdacontent
=337  \\$aunmediated$2rdamedia
=338  \\$avolume$2rdacarrier
=776  08$iAlso issued online as:$tStudies on mathematics education and society$x2755-2624
=985  \\$aLDO SERIALS - PLEASE PASS ALL ITEMS RECEIVED TO ISSN UK CENTRE.
=CAT  \\$a11313$b40$c20220606$lBLL01$h1401
=FMT  \\$a  SE
=LAS  \\$a11313$b40$c20220606$lBLL01$h1401
=LET  \0$aStudies on mathematics education and society (Print)

