=LDR  01042nas a22002898i 4500
=001  020634590
=003  Uk
=005  20220607113310.0
=007  ta
=008  220607c20239999enk\x\p\\\\\\\0\\\a0eng\\
=022  0\$a2755-2659$202
=040  \\$aUk$beng$cUk$erda
=222  \0$aHealth and care technology$b(Print)
=245  00$aHealth and care technology.
=263  \\$a202301
=264  \1$aSouthampton :$bNational Institute for Health and Care Research
=310  \\$aIrregular
=336  \\$atext$2rdacontent
=337  \\$aunmediated$2rdamedia
=338  \\$avolume$2rdacarrier
=776  08$iAlso issued online as:$tHealth and care technology$x2755-2667
=985  \\$aISSN UK Centre note: C/T from 'Health technology assessment' ISSN 1366-5278 - please add 7XX and LKR fields when completing. ISSN UK, 07.06.2022.
=985  \\$aLDO SERIALS - PLEASE PASS ALL ITEMS RECEIVED TO ISSN UK CENTRE.
=CAT  \\$a11313$b40$c20220607$lBLL01$h1133
=FMT  \\$a  SE
=LAS  \\$a11313$b40$c20220607$lBLL01$h1133
=LET  \0$aHealth and care technology (Print)

