=LDR  00715cas a22002538i 4500
=001  020638066
=003  Uk
=005  20220608134808.0
=007  ta
=008  220608c20229999enkbr\p\\\\\\\0\\\a0eng\\
=022  0\$a2753-605X$202
=040  \\$aUk$beng$cUk$erda
=222  \0$aWordsearch gold collection
=245  00$aWordsearch gold collection.
=263  \\$a202207
=264  \1$aNewton Abbot :$bBromleigh House Ltd
=310  \\$aBimonthly
=336  \\$atext$2rdacontent
=337  \\$aunmediated$2rdamedia
=338  \\$avolume$2rdacarrier
=985  \\$aLDO SERIALS - PLEASE PASS ALL ITEMS RECEIVED TO ISSN UK CENTRE.
=CAT  \\$a10973$b40$c20220608$lBLL01$h1348
=FMT  \\$a  SE
=LAS  \\$a10973$b40$c20220608$lBLL01$h1348

