=LDR  00713cas a22002658i 4500
=001  020640245
=003  Uk
=005  20220613142348.0
=007  ta
=008  220613c20229999enkwr\p\\\\\\\0\\\a0eng\\
=022  0\$a2755-2705$202
=040  \\$aUk$beng$cUk$erda
=222  \0$aPlymouth voice
=245  00$aPlymouth voice.
=263  \\$a202207
=264  \1$aTruro :$bAd Sales Ltd
=310  \\$aWeekly
=336  \\$atext$2rdacontent
=337  \\$aunmediated$2rdamedia
=338  \\$avolume$2rdacarrier
=985  \\$aLDO SERIALS - PLEASE PASS ALL ITEMS RECEIVED TO ISSN UK CENTRE.
=CAT  \\$a11313$b40$c20220613$lBLL01$h1423
=FMT  \\$a  SE
=LAS  \\$a11313$b40$c20220613$lBLL01$h1423
=LET  \0$aPlymouth voice (Print)

