=LDR  00803nas a22002778i 4500
=001  020643738
=003  Uk
=005  20220616123246.0
=007  ta
=008  220616c20239999enkfr\p\\\\\\\0\\\a0eng\\
=022  0\$a2753-3255$202
=040  \\$aUk$beng$cUk$erda
=222  \0$aPlants and animals$b(Print)
=245  00$aPlants and animals.
=263  \\$aOxford :
=264  \1$aPeter Lang Group
=310  \\$aSemiannual
=336  \\$atext$2rdacontent
=337  \\$aunmediated$2rdamedia
=338  \\$avolume$2rdacarrier
=776  08$iAlso issued online as:$tPlants and animals$x2753-3263
=985  \\$aLDO SERIALS - PLEASE PASS ALL ITEMS RECEIVED TO ISSN UK CENTRE.
=CAT  \\$a7152$b40$c20220616$lBLL01$h1232
=FMT  \\$a  SE
=LAS  \\$a7152$b40$c20220616$lBLL01$h1232
=LET  \0$aPlants and animals (Print)

