=LDR  00707nas a22002538i 4500
=001  020649567
=003  Uk
=005  20220616134805.0
=007  ta
=008  220608c20229999enkbr\p\\\\\\\0\\\a0eng\\
=022  0\$a2753-6122$202
=040  \\$aUk$beng$cUk$erda
=222  \4$aThe big book of sudoku
=245  04$aThe big book of sudoku.
=263  \\$a202207
=264  \1$aNewton Abbot :$bBromleigh House Ltd
=310  \\$aBimonthly
=336  \\$atext$2rdacontent
=337  \\$aunmediated$2rdamedia
=338  \\$avolume$2rdacarrier
=985  \\$aLDO SERIALS - PLEASE PASS ALL ITEMS RECEIVED TO ISSN UK CENTRE.
=CAT  \\$a10973$b40$c20220616$lBLL01$h1348
=FMT  \\$a  SE
=LAS  \\$a10973$b40$c20220616$lBLL01$h1348

