=LDR  00903nas a22002778i 4500
=001  020649634
=003  Uk
=005  20220616154812.0
=007  ta
=008  220616c20229999enkfr\p\\\\\\\0\\\a0eng\\
=022  0\$a2753-3271$202
=040  \\$aUk$beng$cUk$erda
=222  \4$aThe monocle companion
=245  04$aThe monocle companion.
=263  \\$a202207
=264  \1$aLondon :$bWinkontent Ltd
=310  \\$aSemiannual
=336  \\$atext$2rdacontent
=337  \\$aunmediated$2rdamedia
=338  \\$avolume$2rdacarrier
=985  \\$aPublisher states will be two issues a year, summer and winter, in 'bookzine' format and is not a c/t from other Monocle titles. ISSN UK Centre, SB.
=985  \\$aLDO SERIALS - PLEASE PASS ALL ITEMS RECEIVED TO ISSN UK CENTRE.
=CAT  \\$a7152$b40$c20220616$lBLL01$h1548
=FMT  \\$a  SE
=LAS  \\$a7152$b40$c20220616$lBLL01$h1548
=LET  \4$aThe monocle companion (Print)

