=LDR  00812nas a22002658i 4500
=001  020649948
=003  Uk
=005  20220617114248.0
=007  ta
=008  220617c20229999enkar\p\\\\\\\0\\\a0eng\\
=022  0\$a2753-6165$202
=040  \\$aUk$beng$cUk$erda
=222  \0$aHaving a baby$b(Qualify)
=245  00$aHaving a baby.
=263  \\$a202207
=264  \1$aLondon :$bThe Chelsea Magazine Company Limited
=310  \\$aAnnual
=336  \\$atext$2rdacontent
=337  \\$aunmediated$2rdamedia
=338  \\$avolume$2rdacarrier
=985  \\$aISSN UK Centre: related title: Baby (ISSN 2516-5178), please add 7XX links if required.
=985  \\$aLDO SERIALS - PLEASE PASS ALL ITEMS RECEIVED TO ISSN UK CENTRE.
=CAT  \\$a10973$b40$c20220617$lBLL01$h1142
=FMT  \\$a  SE
=LAS  \\$a10973$b40$c20220617$lBLL01$h1142

