=LDR  00672nas a22002538i 4500
=001  020652421
=003  Uk
=005  20220621104509.0
=007  ta
=008  220621c20229999enkqr\p\\\\\\\0\\\a0eng\\
=022  0\$a2753-7579$202
=040  \\$aUk$beng$cUk$erda
=222  \0$aRooted
=245  00$aRooted.
=263  \\$a202209
=264  \1$aNorwich :$bMichaela-Jay Appleton
=310  \\$aQuarterly
=336  \\$atext$2rdacontent
=337  \\$aunmediated$2rdamedia
=338  \\$avolume$2rdacarrier
=985  \\$aLDO SERIALS - PLEASE PASS ALL ITEMS RECEIVED TO ISSN UK CENTRE.
=CAT  \\$a10806$b40$c20220621$lBLL01$h1045
=FMT  \\$a  SE
=LAS  \\$a10806$b40$c20220621$lBLL01$h1045

