=LDR  00698nas a22002538i 4500
=001  020655708
=003  Uk
=005  20220622165255.0
=007  ta
=008  220622c20229999enker\p\\\\\\\0\\\a0eng\\
=022  0\$a2753-6238$202
=040  \\$aUk$beng$cUk$erda
=222  \0$aHeavy metal heroes
=245  00$aHeavy metal heroes.
=263  \\$a202209
=264  \1$aLondon :$bHachette Partworks Ltd
=310  \\$aFortnightly
=336  \\$atext$2rdacontent
=337  \\$aunmediated$2rdamedia
=338  \\$avolume$2rdacarrier
=985  \\$aLDO SERIALS - PLEASE PASS ALL ITEMS RECEIVED TO ISSN UK CENTRE.
=CAT  \\$a10973$b40$c20220622$lBLL01$h1652
=FMT  \\$a  SE
=LAS  \\$a10973$b40$c20220622$lBLL01$h1652

