=LDR  01087nas a22002898i 4500
=001  020656101
=003  Uk
=005  20220623111512.0
=007  ta
=008  220623c20229999enkfr\p\\\\\\\0\\\a0eng\\
=022  0\$a2753-6246$202
=040  \\$aUk$beng$cUk$erda
=222  \0$aForensic archaeology, anthropology and ecology$b(Print)
=245  00$aForensic archaeology, anthropology and ecology.
=263  \\$a202212
=264  \1$aSheffield :$bEquinox Publishing Ltd
=310  \\$aSemiannual
=336  \\$atext$2rdacontent
=337  \\$aunmediated$2rdamedia
=338  \\$avolume$2rdacarrier
=776  08$iAlso issued online as:$tForensic archaeology, anthropology and ecology$x2753-6254
=985  \\$aISSN UK Centre: change of title from 'Archaeological and environmental forensic science' ISSN 2052-3378. Please add 78X/LKR as required.
=985  \\$aLDO SERIALS - PLEASE PASS ALL ITEMS RECEIVED TO ISSN UK CENTRE.
=CAT  \\$a10973$b40$c20220623$lBLL01$h1115
=FMT  \\$a  SE
=LAS  \\$a10973$b40$c20220623$lBLL01$h1115
=LET  \0$aForensic archaeology, anthropology and ecology (Print)

