=LDR  01177nas a22003258i 4500
=001  020662069
=003  Uk
=005  20220929093219.0
=007  ta
=008  220629c20229999enkmr\p\\\\\\\0\\\a0eng\\
=022  0\$a2753-3336$202
=040  \\$aUk$beng$cUk$erda
=222  \0$aCrucible$b(Qualify. Print)
=245  00$aCrucible.
=246  2\$aCrucible magazine
=263  \\$a202207
=264  \1$aUnited Kingdom :$bCrucible Magazine, Ltd
=310  \\$aMonthly
=336  \\$atext$2rdacontent
=337  \\$aunmediated$2rdamedia
=338  \\$avolume$2rdacarrier
=985  \\$aLDO SERIALS - PLEASE PASS ALL ITEMS RECEIVED TO ISSN UK CENTRE.
=985  \\$aISSN UK Centre: see also online format version, ISSN 2753-3344. Please add 776 to both records on completion.
=985  \\$aEmail correspondence with publisher, pdf draft seen of 'demo' issue, title appears as Crucible, not Crucible magazine as applied for on ISSN application form. SB, 29.6.22
=CAT  \\$a7152$b40$c20220629$lBLL01$h1023
=CAT  \\$a10973$b40$c20220929$lBLL01$h0930
=CAT  \\$a10973$b40$c20220929$lBLL01$h0932
=FMT  \\$a  SE
=LAS  \\$a10973$b40$c20220929$lBLL01$h0932
=LET  \0$aCrucible (Print)

