=LDR  00989nas a22002778i 4500
=001  020662610
=003  Uk
=005  20220630113102.0
=007  ta
=008  220630c20239999enk\x\m\\\\\\\0\\\a0eng\\
=022  0\$a2753-6319$202
=040  \\$aUk$beng$cUk$erda
=222  \0$aElements in anthropological archaeology in the 21st century$b(Print)
=245  00$aElements in anthropological archaeology in the 21st century.
=263  \\$a202312
=264  \1$aCambridge :$bCambridge University Press
=310  \\$aIrregular
=336  \\$atext$2rdacontent
=337  \\$aunmediated$2rdamedia
=338  \\$avolume$2rdacarrier
=776  08$iAlso issued online as:$tElements in anthropological archaeology in the 21st century$x2753-6327
=985  \\$aLDO SERIALS - PLEASE PASS ALL ITEMS RECEIVED TO ISSN UK CENTRE.
=CAT  \\$a10973$b40$c20220630$lBLL01$h1131
=FMT  \\$a  SE
=LAS  \\$a10973$b40$c20220630$lBLL01$h1131
=LET  \0$aElements in anthropological archaeology in the 21st century (Print)

