=LDR  00913nas a22002778i 4500
=001  020662643
=003  Uk
=005  20220630122846.0
=007  ta
=008  220630c20239999enk\x\m\\\\\\\0\\\a0eng\\
=022  0\$a2753-636X$202
=040  \\$aUk$beng$cUk$erda
=222  \0$aElements in writing in the ancient world$b(Print)
=245  00$aElements in writing in the ancient world.
=263  \\$a202312
=264  \1$aCambridge :$bCambridge University Press
=310  \\$aIrregular
=336  \\$atext$2rdacontent
=337  \\$aunmediated$2rdamedia
=338  \\$avolume$2rdacarrier
=776  08$iAlso issued online as:$tElements in writing in the ancient world$x2753-6378
=985  \\$aLDO SERIALS - PLEASE PASS ALL ITEMS RECEIVED TO ISSN UK CENTRE.
=CAT  \\$a10973$b40$c20220630$lBLL01$h1228
=FMT  \\$a  SE
=LAS  \\$a10973$b40$c20220630$lBLL01$h1228
=LET  \0$aElements in writing in the ancient world (Print)

