=LDR  00714nas a22002538i 4500
=001  020663250
=003  Uk
=005  20220701134230.0
=007  ta
=008  220701c20229999enkmx\p\\\\\\\0\\\a0eng\\
=022  0\$a2753-7595$202
=040  \\$aUk$beng$cUk$erda
=222  \0$aMorrisons mixed puzzle
=245  00$aMorrisons mixed puzzle.
=263  \\$a202209
=264  \1$aLondon :$bKeesing Media UK Ltd
=310  \\$aThirteen times a year
=336  \\$atext$2rdacontent
=337  \\$aunmediated$2rdamedia
=338  \\$avolume$2rdacarrier
=985  \\$aLDO SERIALS - PLEASE PASS ALL ITEMS RECEIVED TO ISSN UK CENTRE.
=CAT  \\$a10806$b40$c20220701$lBLL01$h1342
=FMT  \\$a  SE
=LAS  \\$a10806$b40$c20220701$lBLL01$h1342

