=LDR  00947nas a22002778i 4500
=001  020663263
=003  Uk
=005  20220701141053.0
=007  ta
=008  220701c20239999enkqr\p\\\\\\\0\\\a0eng\\
=022  0\$a2753-7609$202
=040  \\$aUk$beng$cUk$erda
=222  \0$aInternational journal of the energy-growth nexus$b(Print)
=245  00$aInternational journal of the energy-growth nexus.
=263  \\$a202306
=264  \1$aOlney :$bInderscience Enterprises Limited
=310  \\$aQuarterly
=336  \\$atext$2rdacontent
=337  \\$aunmediated$2rdamedia
=338  \\$avolume$2rdacarrier
=776  08$iAlso issued online as:$tInternational journal of the energy-growth nexus$x2753-7617
=985  \\$aLDO SERIALS - PLEASE PASS ALL ITEMS RECEIVED TO ISSN UK CENTRE.
=CAT  \\$a10806$b40$c20220701$lBLL01$h1410
=FMT  \\$a  SE
=LAS  \\$a10806$b40$c20220701$lBLL01$h1410
=LET  \0$aInternational journal of the energy-growth nexus (Print)

