=LDR  00716nas a22002538i 4500
=001  020666945
=003  Uk
=005  20220704073412.0
=007  ta
=008  220704c20229999enkmx\p\\\\\\\0\\\a0eng\\
=022  0\$a2753-7625$202
=040  \\$aUk$beng$cUk$erda
=222  \0$aMorrisons hide and seek
=245  00$aMorrisons hide and seek.
=263  \\$a202209
=264  \1$aLondon :$bKeesing Media UK Ltd
=310  \\$aThirteen times a year
=336  \\$atext$2rdacontent
=337  \\$aunmediated$2rdamedia
=338  \\$avolume$2rdacarrier
=985  \\$aLDO SERIALS - PLEASE PASS ALL ITEMS RECEIVED TO ISSN UK CENTRE.
=CAT  \\$a10806$b40$c20220704$lBLL01$h0734
=FMT  \\$a  SE
=LAS  \\$a10806$b40$c20220704$lBLL01$h0734

