=LDR  00763nas a22002658i 4500
=001  020667011
=003  Uk
=005  20220707103536.0
=007  ta
=008  220704c20229999enkmx\p\\\\\\\0\\\a0eng\\
=022  0\$a2753-7633$202
=040  \\$aUk$beng$cUk$erda
=222  \0$aMorrisons word puzzles
=245  00$aMorrisons word puzzles.
=263  \\$a202209
=264  \1$aLondon :$bKeesing Media UK Ltd
=310  \\$aThirteen times a year
=336  \\$atext$2rdacontent
=337  \\$aunmediated$2rdamedia
=338  \\$avolume$2rdacarrier
=985  \\$aLDO SERIALS - PLEASE PASS ALL ITEMS RECEIVED TO ISSN UK CENTRE.
=CAT  \\$a10806$b40$c20220704$lBLL01$h1102
=CAT  \\$a10806$b40$c20220707$lBLL01$h1035
=FMT  \\$a  SE
=LAS  \\$a10806$b40$c20220707$lBLL01$h1035

