=LDR  00812nas a22002778i 4500
=001  020667050
=003  Uk
=005  20220704124837.0
=007  ta
=008  220704c20229999enkmr\p\\\\\\\0\\\a0eng\\
=022  0\$a2753-7641$202
=040  \\$aUk$beng$cUk$erda
=222  \0$aAbsolutely Sussex$b(Print)
=245  00$aAbsolutely Sussex.
=263  \\$a202209
=264  \1$aRusper, West Sussex :$bSean Kane
=310  \\$aMonthly
=336  \\$atext$2rdacontent
=337  \\$aunmediated$2rdamedia
=338  \\$avolume$2rdacarrier
=776  08$iAlso issued online as:$tAbsolutely Sussex$x2753-765X
=985  \\$aLDO SERIALS - PLEASE PASS ALL ITEMS RECEIVED TO ISSN UK CENTRE.
=CAT  \\$a10806$b40$c20220704$lBLL01$h1248
=FMT  \\$a  SE
=LAS  \\$a10806$b40$c20220704$lBLL01$h1248
=LET  \0$aAbsolutely Sussex (Print)

