=LDR  00815nas a22002778i 4500
=001  020667054
=003  Uk
=005  20220704130505.0
=007  ta
=008  220704c20229999enkfr\p\\\\\\\0\\\b0eng\\
=022  0\$a2753-7668$202
=040  \\$aUk$beng$cUk$erda
=222  \0$aRadam$b(English ed. Print)
=245  00$aRadam.
=263  \\$a202210
=264  \1$aCrawley :$bZanete Hussain
=310  \\$aSemiannual
=336  \\$atext$2rdacontent
=337  \\$aunmediated$2rdamedia
=338  \\$avolume$2rdacarrier
=776  08$iAlso issued online as:$tRadam (English edition)$x2753-7676
=985  \\$aLDO SERIALS - PLEASE PASS ALL ITEMS RECEIVED TO ISSN UK CENTRE.
=CAT  \\$a10806$b40$c20220704$lBLL01$h1305
=FMT  \\$a  SE
=LAS  \\$a10806$b40$c20220704$lBLL01$h1305
=LET  \0$aRadam (English edition. Print)

