=LDR  00901nas a22002778i 4500
=001  020673005
=003  Uk
=005  20220707121134.0
=007  ta
=008  220707c20229999enk\x\m\\\\\\\0\\\a0eng\\
=022  0\$a2753-6432$202
=040  \\$aUk$beng$cUk$erda
=222  \0$aElements in Greek and Roman mythology$b(Print)
=245  00$aElements in Greek and Roman mythology.
=263  \\$a202208
=264  \1$aCambridge :$bCambridge University Press
=310  \\$aIrregular
=336  \\$atext$2rdacontent
=337  \\$aunmediated$2rdamedia
=338  \\$avolume$2rdacarrier
=776  08$iAlso issued online as:$tElements in Greek and Roman mythology$x2753-6440
=985  \\$aLDO SERIALS - PLEASE PASS ALL ITEMS RECEIVED TO ISSN UK CENTRE.
=CAT  \\$a10973$b40$c20220707$lBLL01$h1211
=FMT  \\$a  SE
=LAS  \\$a10973$b40$c20220707$lBLL01$h1211
=LET  \0$aElements in Greek and Roman mythology (Print)

