=LDR  00819nas a22002778i 4500
=001  020679285
=003  Uk
=005  20220713104835.0
=007  ta
=008  220713c20229999enkmr\p\\\\\\\0\\\a0eng\\
=022  0\$a2753-3387$202
=040  \\$aUk$beng$cUk$erda
=222  \0$aBig Furniture Group$b(Print)
=245  00$aBig Furniture Group.
=263  \\$a202209
=264  \1$aManchester :$bBig Furniture Group
=310  \\$aMonthly
=336  \\$atext$2rdacontent
=337  \\$aunmediated$2rdamedia
=338  \\$avolume$2rdacarrier
=776  08$iAlso issued online as:$tBig Furniture Group$x2753-3395
=985  \\$aLDO SERIALS - PLEASE PASS ALL ITEMS RECEIVED TO ISSN UK CENTRE.
=CAT  \\$a7152$b40$c20220713$lBLL01$h1048
=FMT  \\$a  SE
=LAS  \\$a7152$b40$c20220713$lBLL01$h1048
=LET  \0$aBig Furniture Group (Print)

