=LDR  00683nas a22002538i 4500
=001  020685705
=003  Uk
=005  20220720141203.0
=007  ta
=008  220720c20229999enkfr\p\\\\\\\0\\\a0eng\\
=022  0\$a2753-6610$202
=040  \\$aUk$beng$cUk$erda
=222  \0$aCrosscurrent$b(Qualify)
=245  00$aCrosscurrent.
=263  \\$a202210
=264  \1$aLondon :$bC. Rudick
=310  \\$aSemiannual
=336  \\$atext$2rdacontent
=337  \\$aunmediated$2rdamedia
=338  \\$avolume$2rdacarrier
=985  \\$aLDO SERIALS - PLEASE PASS ALL ITEMS RECEIVED TO ISSN UK CENTRE.
=CAT  \\$a10973$b40$c20220720$lBLL01$h1412
=FMT  \\$a  SE
=LAS  \\$a10973$b40$c20220720$lBLL01$h1412

