=LDR  00762cas a22002658i 4500
=001  020699111
=003  Uk
=005  20220804153921.0
=007  ta
=008  220802c20229999enkmx\g\\\\\\\0\\\a0eng\\
=022  0\$a2753-7854$202
=040  \\$aUk$beng$cUk$erda
=222  \0$aEasy gardens & living
=245  00$aEasy gardens & living.
=263  \\$a202211
=264  \1$aLondon :$bFuture Publishing Ltd
=310  \\$aThirteen times a year
=336  \\$atext$2rdacontent
=337  \\$aunmediated$2rdamedia
=338  \\$avolume$2rdacarrier
=985  \\$aLDO SERIALS - PLEASE PASS ALL ITEMS RECEIVED TO ISSN UK CENTRE.
=CAT  \\$a10806$b40$c20220802$lBLL01$h1438
=CAT  \\$a10806$b40$c20220804$lBLL01$h1539
=FMT  \\$a  SE
=LAS  \\$a10806$b40$c20220804$lBLL01$h1539

