=LDR  00818cas a22002778i 4500
=001  020703643
=003  Uk
=005  20220906114120.0
=007  ta
=008  220803c20229999enktr\p\\\\\\\0\\\a0eng\\
=022  0\$a2753-6718$202
=040  \\$aUk$beng$cUk$erda
=222  \0$aFarming in miniature
=245  00$aFarming in miniature.
=263  \\$a202209
=264  \1$aRoyston :$bJ. Martin
=310  \\$aThree times a year
=336  \\$atext$2rdacontent
=337  \\$aunmediated$2rdamedia
=338  \\$avolume$2rdacarrier
=776  08$iAlso issued online as:$tFarming in miniature$x2753-5401
=985  \\$aLDO SERIALS - PLEASE PASS ALL ITEMS RECEIVED TO ISSN UK CENTRE.
=CAT  \\$a10973$b40$c20220803$lBLL01$h0727
=CAT  \\$a10806$b40$c20220906$lBLL01$h1141
=FMT  \\$a  SE
=LAS  \\$a10806$b40$c20220906$lBLL01$h1141

