=LDR  00861nas a22002778i 4500
=001  020703749
=003  Uk
=005  20220803120801.0
=007  ta
=008  220803c20239999enkfr\p\\\\\\\0\\\a0eng\\
=022  0\$a2753-6734$202
=040  \\$aUk$beng$cUk$erda
=222  \0$aCritical South Asian studies$b(Print)
=245  00$aCritical South Asian studies.
=263  \\$a202302
=264  \1$aSale :$bTransnational Press London
=310  \\$aSemiannual
=336  \\$atext$2rdacontent
=337  \\$aunmediated$2rdamedia
=338  \\$avolume$2rdacarrier
=776  08$iAlso issued online as:$tCritical South Asian studies$x2753-6742
=985  \\$aLDO SERIALS - PLEASE PASS ALL ITEMS RECEIVED TO ISSN UK CENTRE.
=CAT  \\$a10973$b40$c20220803$lBLL01$h1208
=FMT  \\$a  SE
=LAS  \\$a10973$b40$c20220803$lBLL01$h1208
=LET  \0$aCritical South Asian studies (Print)

