=LDR  00983nas a22002898i 4500
=001  020712946
=003  Uk
=005  20220812113543.0
=007  ta
=008  220812c20239999enkfr\j\\\\\\\0\\\a0eng\\
=022  0\$a2753-5002$202
=040  \\$aUk$beng$cUk$erda
=222  \0$aDMJournal-architecture and representation$b(Print)
=245  00$aDMJournal-architecture and representation.
=246  3\$aDrawing Matter journal-architecture and representation
=263  \\$a202301
=264  \1$aWincanton :$bDrawing Matter Trust
=310  \\$aSemiannual
=336  \\$atext$2rdacontent
=337  \\$aunmediated$2rdamedia
=338  \\$avolume$2rdacarrier
=776  08$iAlso issued online as:$tDMJournal-architecture and representation$x2753-5010
=985  \\$aLDO SERIALS - PLEASE PASS ALL ITEMS RECEIVED TO ISSN UK CENTRE.
=CAT  \\$a10806$b40$c20220812$lBLL01$h1135
=FMT  \\$a  SE
=LAS  \\$a10806$b40$c20220812$lBLL01$h1135
=LET  \0$aDMJournal-architecture and representation (Print)

