=LDR  00865cas a22002898i 4500
=001  020712999
=003  Uk
=005  20220928104826.0
=007  ta
=008  220812c20229999stkqr\g\\\\\\\0\\\a0eng\\
=022  0\$a2753-5045$202
=040  \\$aUk$beng$cUk$erda
=222  \0$aTangled web magazine$b(Print)
=245  00$aTangled web magazine.
=263  \\$a202209
=264  \1$aKirkcaldy :$bCraig Kelly
=310  \\$aQuarterly
=336  \\$atext$2rdacontent
=337  \\$aunmediated$2rdamedia
=338  \\$avolume$2rdacarrier
=985  \\$aLDO SERIALS - PLEASE PASS ALL ITEMS RECEIVED TO ISSN UK CENTRE.
=985  \\$aPlease link to ISSN 2753-5053 (Online) on completion.
=CAT  \\$a10806$b40$c20220812$lBLL01$h1340
=CAT  \\$a10806$b40$c20220928$lBLL01$h1048
=FMT  \\$a  SE
=LAS  \\$a10806$b40$c20220928$lBLL01$h1048
=LET  \0$aTangled web magazine (Print)

