=LDR  00706nas a22002538i 4500
=001  020713665
=003  Uk
=005  20220815075720.0
=007  ta
=008  220815c20229999enkqr\p\\\\\\\0\\\a0eng\\
=022  0\$a2753-6750$202
=040  \\$aUk$beng$cUk$erda
=222  \0$aWatercolour for beginners
=245  00$aWatercolour for beginners.
=263  \\$a202210
=264  \1$aYalding :$bKelsey Publishing
=310  \\$aQuarterly
=336  \\$atext$2rdacontent
=337  \\$aunmediated$2rdamedia
=338  \\$avolume$2rdacarrier
=985  \\$aLDO SERIALS - PLEASE PASS ALL ITEMS RECEIVED TO ISSN UK CENTRE.
=CAT  \\$a10973$b40$c20220815$lBLL01$h0757
=FMT  \\$a  SE
=LAS  \\$a10973$b40$c20220815$lBLL01$h0757

