=LDR  00666nas a22002538i 4500
=001  020713769
=003  Uk
=005  20220815100543.0
=007  ta
=008  220815c20229999stkar\p\\\\\\\0\\\a0eng\\
=022  0\$a2753-6785$202
=040  \\$aUk$beng$cUk$erda
=222  \0$aJesus saves
=245  00$aJesus saves.
=263  \\$a202212
=264  \1$aGlasgow :$bB. Flynn
=310  \\$aAnnual
=336  \\$atext$2rdacontent
=337  \\$aunmediated$2rdamedia
=338  \\$avolume$2rdacarrier
=985  \\$aLDO SERIALS - PLEASE PASS ALL ITEMS RECEIVED TO ISSN UK CENTRE.
=CAT  \\$a10973$b40$c20220815$lBLL01$h1005
=FMT  \\$a  SE
=LAS  \\$a10973$b40$c20220815$lBLL01$h1005

