=LDR  01506cas a22003618i 4500
=001  020713799
=003  Uk
=005  20230425073721.0
=007  ta
=008  220815c20239999enkbx\p\\\\\\\0\\\a0eng\\
=022  0\$a2753-6807$202
=040  \\$aUk$beng$cUk$erda
=222  \0$aCruise & travel$b(Qualify. Print)
=245  00$aCruise & travel.
=246  3\$aCruise and travel
=263  \\$a202303
=264  \1$aLondon :$bThe Chelsea Magazine Company Limited
=310  \\$aSeven issues a year
=336  \\$atext$2rdacontent
=337  \\$aunmediated$2rdamedia
=338  \\$avolume$2rdacarrier
=985  \\$aLink to online version, ISSN 2976-8020 on completion.
=985  \\$aISSN UK Centre: related title 'Cruise international', ISSN 1758-2326. 8/3/23 - website https://www.chelseamagazines.com/uks-bestselling-cruise-magazine-rebrands-as-cruise-travel/ states Cruise & travel is a rebrand of Cruise international, first issue due Apr/May 2023. Email confirming c/t and revised start date rec'd 8/3/23. Please add 78X/LKR as required.
=985  \\$aLDO SERIALS - PLEASE PASS ALL ITEMS RECEIVED TO ISSN UK CENTRE.
=CAT  \\$a10973$b40$c20220815$lBLL01$h1051
=CAT  \\$a10973$b40$c20220815$lBLL01$h1056
=CAT  \\$a10973$b40$c20220815$lBLL01$h1117
=CAT  \\$a10973$b40$c20220815$lBLL01$h1129
=CAT  \\$a10973$b40$c20230308$lBLL01$h1041
=CAT  \\$a10973$b40$c20230308$lBLL01$h1113
=CAT  \\$a10806$b40$c20230425$lBLL01$h0737
=FMT  \\$a  SE
=LAS  \\$a10806$b40$c20230425$lBLL01$h0737

