=LDR  00696nas a22002538i 4500
=001  020713945
=003  Uk
=005  20220815135323.0
=007  ta
=008  220815c20239999enkqr\p\\\\\\\0\\\a0eng\\
=022  0\$a2753-6815$202
=040  \\$aUk$beng$cUk$erda
=222  \0$aWensum literary magazine
=245  00$aWensum literary magazine.
=263  \\$a202301
=264  \1$aNorwich :$bD. Sexton
=310  \\$aQuarterly
=336  \\$atext$2rdacontent
=337  \\$aunmediated$2rdamedia
=338  \\$avolume$2rdacarrier
=985  \\$aLDO SERIALS - PLEASE PASS ALL ITEMS RECEIVED TO ISSN UK CENTRE.
=CAT  \\$a10973$b40$c20220815$lBLL01$h1353
=FMT  \\$a  SE
=LAS  \\$a10973$b40$c20220815$lBLL01$h1353

