=LDR  00905nas a22002778i 4500
=001  020714362
=003  Uk
=005  20220816143539.0
=007  ta
=008  220816c20239999enk\x\m\\\\\\\0\\\a0eng\\
=022  0\$a2753-6858$202
=040  \\$aUk$beng$cUk$erda
=222  \0$aElements in the psychology of religion$b(Print)
=245  00$aElements in the psychology of religion.
=263  \\$a202311
=264  \1$aCambridge :$bCambridge University press
=310  \\$aIrregular
=336  \\$atext$2rdacontent
=337  \\$aunmediated$2rdamedia
=338  \\$avolume$2rdacarrier
=776  08$iAlso issued online as:$tElements in the psychology of religion$x2753-6866
=985  \\$aLDO SERIALS - PLEASE PASS ALL ITEMS RECEIVED TO ISSN UK CENTRE.
=CAT  \\$a10973$b40$c20220816$lBLL01$h1435
=FMT  \\$a  SE
=LAS  \\$a10973$b40$c20220816$lBLL01$h1435
=LET  \0$aElements in the psychology of religion (Print)

