=LDR  00821nas a22002658i 4500
=001  020717650
=003  Uk
=005  20220817070504.0
=007  ta
=008  220817c20229999enkqr\p\\\\\\\0\\\a0eng\\
=022  0\$a2753-6874$202
=040  \\$aUk$beng$cUk$erda
=222  \0$aModel truck world
=245  00$aModel truck world.
=263  \\$a202212
=264  \1$aDunstable :$bGuideline Publications
=310  \\$aQuarterly
=336  \\$atext$2rdacontent
=337  \\$aunmediated$2rdamedia
=338  \\$avolume$2rdacarrier
=985  \\$aISSN UK Centre: change of title from 'New model truck world' ISSN 2635-0416. Please add 78X/LKR as required
=985  \\$aLDO SERIALS - PLEASE PASS ALL ITEMS RECEIVED TO ISSN UK CENTRE.
=CAT  \\$a10973$b40$c20220817$lBLL01$h0705
=FMT  \\$a  SE
=LAS  \\$a10973$b40$c20220817$lBLL01$h0705

