=LDR  00676nas a22002538i 4500
=001  020717652
=003  Uk
=005  20220817074212.0
=007  ta
=008  220817c20229999enkfr\p\\\\\\\0\\\a0eng\\
=022  0\$a2753-6890$202
=040  \\$aUk$beng$cUk$erda
=222  \0$aSoho House
=245  00$aSoho House.
=263  \\$a202209
=264  \1$aLondon :$bSoho House UK Ltd
=310  \\$aSemiannual
=336  \\$atext$2rdacontent
=337  \\$aunmediated$2rdamedia
=338  \\$avolume$2rdacarrier
=985  \\$aLDO SERIALS - PLEASE PASS ALL ITEMS RECEIVED TO ISSN UK CENTRE.
=CAT  \\$a10973$b40$c20220817$lBLL01$h0742
=FMT  \\$a  SE
=LAS  \\$a10973$b40$c20220817$lBLL01$h0742

