=LDR  00672nas a22002538i 4500
=001  020718334
=003  Uk
=005  20220818095728.0
=007  ta
=008  220818c20229999enkmr\p\\\\\\\0\\\a0eng\\
=022  0\$a2753-6947$202
=040  \\$aUk$beng$cUk$erda
=222  \0$aSupergutty
=245  00$aSupergutty.
=263  \\$a202209
=264  \1$aLondon :$bFor Gut Sake Ltd
=310  \\$aMonthly
=336  \\$atext$2rdacontent
=337  \\$aunmediated$2rdamedia
=338  \\$avolume$2rdacarrier
=985  \\$aLDO SERIALS - PLEASE PASS ALL ITEMS RECEIVED TO ISSN UK CENTRE.
=CAT  \\$a10973$b40$c20220818$lBLL01$h0957
=FMT  \\$a  SE
=LAS  \\$a10973$b40$c20220818$lBLL01$h0957

