=LDR  00981nas a22002778i 4500
=001  020718620
=003  Uk
=005  20220819093947.0
=007  ta
=008  220819c20229999enkmx\p\\\\\\\0\\\a0eng\\
=022  0\$a2753-6971$202
=040  \\$aUk$beng$cUk$erda
=222  \0$aC&SC presents$b(Qualify)
=245  00$aC&SC presents.
=246  3\$aClassic & sports car presents
=263  \\$a202210
=264  \1$aTwickenham :$bHaymarket Media
=310  \\$aTen times a year
=336  \\$atext$2rdacontent
=337  \\$aunmediated$2rdamedia
=338  \\$avolume$2rdacarrier
=985  \\$aISSN UK Centre: change of title from '... greatest hits' ISSN 2516-2764. Please add 78X/LKR as required. Probable title reversion, see 'Classic & sports car presents ...' ISSN 1757-9570' and 985 notes in both records.
=985  \\$aLDO SERIALS - PLEASE PASS ALL ITEMS RECEIVED TO ISSN UK CENTRE.
=CAT  \\$a10973$b40$c20220819$lBLL01$h0939
=FMT  \\$a  SE
=LAS  \\$a10973$b40$c20220819$lBLL01$h0939

