=LDR  00988nas a22002898i 4500
=001  020726456
=003  Uk
=005  20220825112041.0
=007  ta
=008  220825c20229999enkar\p\\\\\\\0\\\b0spa\\
=022  0\$a2753-5177$202
=040  \\$aUk$beng$cUk$erda
=222  \0$aCLC world$b(Spanish ed.)
=245  00$aCLC world.
=246  3\$aChristian Literature Crusade world
=263  \\$a202208
=264  \1$aSheffield :$bCLC International (UK)
=310  \\$aAnnual
=336  \\$atext$2rdacontent
=337  \\$aunmediated$2rdamedia
=338  \\$avolume$2rdacarrier
=985  \\$aLDO SERIALS - PLEASE PASS ALL ITEMS RECEIVED TO ISSN UK CENTRE.
=985  \\$aSee Richard and email sent to ISSN Colombia & IC 25/08/22. Completion to be reviewed on publication - may quote address in Bogota. Pass all communication to ISSN UK Centre. Thank you.
=CAT  \\$a10806$b40$c20220825$lBLL01$h1120
=FMT  \\$a  SE
=LAS  \\$a10806$b40$c20220825$lBLL01$h1120
=LET  \0$aCLC world (Spanish edition)

