=LDR  00814nas a22002778i 4500
=001  020735650
=003  Uk
=005  20220905070302.0
=007  ta
=008  220905c20229999enktr\p\\\\\\\0\\\a0eng\\
=022  0\$a2753-4618$202
=040  \\$aUk$beng$cUk$erda
=222  \0$aCars in miniature$b(Print)
=245  00$aCars in miniature.
=263  \\$a202210
=264  \1$aKneesworth :$bJ. Martin
=310  \\$aThree times a year
=336  \\$atext$2rdacontent
=337  \\$aunmediated$2rdamedia
=338  \\$avolume$2rdacarrier
=776  08$iAlso issued online as:$tCars in miniature$x2753-4626
=985  \\$aLDO SERIALS - PLEASE PASS ALL ITEMS RECEIVED TO ISSN UK CENTRE.
=CAT  \\$a10973$b40$c20220905$lBLL01$h0703
=FMT  \\$a  SE
=LAS  \\$a10973$b40$c20220905$lBLL01$h0703
=LET  \0$aCars in miniature (Print)

