=LDR  00895nas a22002658i 4500
=001  020735840
=003  Uk
=005  20220905113349.0
=007  ta
=008  220905c20239999enkuu\m\\\\\\\0\\\a0eng\\
=022  0\$a2753-5282$202
=040  \\$aUk$beng$cUk$erda
=222  \0$aElements in Soviet and post-Soviet history$b(Print)
=245  00$aElements in Soviet and post-Soviet history.
=263  \\$a202306
=264  \1$aCambridge :$bCambridge University Press
=336  \\$atext$2rdacontent
=337  \\$aunmediated$2rdamedia
=338  \\$avolume$2rdacarrier
=776  08$iAlso issued online as:$tElements in Soviet and post-Soviet history$x2753-5290
=985  \\$aLDO SERIALS - PLEASE PASS ALL ITEMS RECEIVED TO ISSN UK CENTRE.
=CAT  \\$a10806$b40$c20220905$lBLL01$h1133
=FMT  \\$a  SE
=LAS  \\$a10806$b40$c20220905$lBLL01$h1133
=LET  \0$aElements in Soviet and post-Soviet history (Print)

