=LDR  01028nas a22002778i 4500
=001  020735894
=003  Uk
=005  20220905135325.0
=007  ta
=008  220905c20229999sz\\x\m\\\\\\\0\\\a0eng\\
=022  0\$a2662-1606$202
=040  \\$aUk$beng$cUk$erda
=222  \0$aLow carbon energy for development$b(Print)
=245  00$aLow carbon energy for development.
=263  \\$a202212
=264  \1$aCham :$bPalgrave Macmillan
=310  \\$aIrregular
=336  \\$atext$2rdacontent
=337  \\$aunmediated$2rdamedia
=338  \\$avolume$2rdacarrier
=776  08$iAlso issued online as:$tLow carbon energy for development$x2662-1614
=985  \\$aISSN UK Centre: ISSN assigned by IC (Springer project). Not published as of 5/9/22 (https://link.springer.com/series/16322). Please notify Donna on completion (Palgrave from ISSN Switzerland list).
=985  \\$aLDO SERIALS - PLEASE PASS ALL ITEMS RECEIVED TO ISSN UK CENTRE.
=CAT  \\$a10973$b40$c20220905$lBLL01$h1353
=FMT  \\$a  SE
=LAS  \\$a10973$b40$c20220905$lBLL01$h1353

