=LDR  00707nas a22002658i 4500
=001  020735905
=003  Uk
=005  20220905141143.0
=007  ta
=008  220905c20239999enkwr\p\\\\\\\0\\\a0eng\\
=022  0\$a2753-5312$202
=040  \\$aUk$beng$cUk$erda
=222  \0$aBatman$b(Qualify)
=245  00$aBatman.
=263  \\$a202302
=264  \1$aLondon :$bHachette Partworks
=310  \\$aWeekly
=336  \\$atext$2rdacontent
=337  \\$aunmediated$2rdamedia
=338  \\$avolume$2rdacarrier
=985  \\$aLDO SERIALS - PLEASE PASS ALL ITEMS RECEIVED TO ISSN UK CENTRE.
=CAT  \\$a10806$b40$c20220905$lBLL01$h1411
=FMT  \\$a  SE
=LAS  \\$a10806$b40$c20220905$lBLL01$h1411
=LET  \0$aBatman (Print)

