=LDR  00685nas a22002538i 4500
=001  020735938
=003  Uk
=005  20220905151258.0
=007  ta
=008  220905c20229999enkfr\g\\\\\\\0\\\a0eng\\
=022  0\$a2753-5347$202
=040  \\$aUk$beng$cUk$erda
=222  \0$aFound and vision
=245  00$aFound and vision.
=263  \\$a202209
=264  \1$aLondon :$bKaren Clarkson
=310  \\$aSemiannual
=336  \\$atext$2rdacontent
=337  \\$aunmediated$2rdamedia
=338  \\$avolume$2rdacarrier
=985  \\$aLDO SERIALS - PLEASE PASS ALL ITEMS RECEIVED TO ISSN UK CENTRE.
=CAT  \\$a10806$b40$c20220905$lBLL01$h1512
=FMT  \\$a  SE
=LAS  \\$a10806$b40$c20220905$lBLL01$h1512

