=LDR  01014nas a22002898i 4500
=001  020740527
=003  Uk
=005  20220907103738.0
=007  ta
=008  220907c20229999enkfr\j\\\\\\\0\\\a0eng\\
=022  0\$a2753-541X$202
=040  \\$aUk$beng$cUk$erda
=222  \0$aTransnational business and management$b(Print)
=245  00$aTransnational business and management.
=263  \\$a202212
=264  \1$aLondon :$bTransnational Press London
=310  \\$aSemiannual
=336  \\$atext$2rdacontent
=337  \\$aunmediated$2rdamedia
=338  \\$avolume$2rdacarrier
=776  08$iAlso issued online as:$tTransnational business and management$x2753-5428
=985  \\$aLDO SERIALS - PLEASE PASS ALL ITEMS RECEIVED TO ISSN UK CENTRE.
=985  \\$aPublisher states not a C/T from 'Transnational marketing journal' - email reply received 06/09/22.
=CAT  \\$a10806$b40$c20220907$lBLL01$h1037
=FMT  \\$a  SE
=LAS  \\$a10806$b40$c20220907$lBLL01$h1037
=LET  \0$aTransnational business and management (Print)

