=LDR  00686nas a22002538i 4500
=001  020743146
=003  Uk
=005  20220912085700.0
=007  ta
=008  220912c20229999enktr\p\\\\\\\0\\\a0eng\\
=022  0\$a2753-5452$202
=040  \\$aUk$beng$cUk$erda
=222  \0$aRe-organise
=245  00$aRe-organise.
=263  \\$a202210
=264  \1$aLondon :$bDog Section Press
=310  \\$aThree times a year
=336  \\$atext$2rdacontent
=337  \\$aunmediated$2rdamedia
=338  \\$avolume$2rdacarrier
=985  \\$aLDO SERIALS - PLEASE PASS ALL ITEMS RECEIVED TO ISSN UK CENTRE.
=CAT  \\$a10806$b40$c20220912$lBLL01$h0857
=FMT  \\$a  SE
=LAS  \\$a10806$b40$c20220912$lBLL01$h0857

