=LDR  00771nas a22002778i 4500
=001  020743766
=003  Uk
=005  20220913132632.0
=007  ta
=008  220913c20229999enkqr\p\\\\\\\0\\\a0eng\\
=022  0\$a2753-5495$202
=040  \\$aUk$beng$cUk$erda
=222  \0$aChamber$b(Qualify. Print)
=245  00$aChamber.
=263  \\$a202209
=264  \1$aLondon :$bChamber UK
=310  \\$aQuarterly
=336  \\$atext$2rdacontent
=337  \\$aunmediated$2rdamedia
=338  \\$avolume$2rdacarrier
=776  08$iAlso issued online as:$tChamber$x2753-5509
=985  \\$aLDO SERIALS - PLEASE PASS ALL ITEMS RECEIVED TO ISSN UK CENTRE.
=CAT  \\$a10806$b40$c20220913$lBLL01$h1326
=FMT  \\$a  SE
=LAS  \\$a10806$b40$c20220913$lBLL01$h1326
=LET  \0$aChamber (Print)

