=LDR  01054nas a22002898i 4500
=001  020747516
=003  Uk
=005  20220914093920.0
=007  ta
=008  220914c20219999enkqr\p\\\\\\\0\\\a0eng\\
=022  0\$a2753-4766$202
=040  \\$aUk$beng$cUk$erda
=222  \0$aSteel jackdaw$b(Print)
=245  00$aSteel jackdaw.
=263  \\$a202210
=264  \1$aStroud :$bJ. Conway
=310  \\$aQuarterly
=336  \\$atext$2rdacontent
=337  \\$aunmediated$2rdamedia
=338  \\$avolume$2rdacarrier
=985  \\$aISSN UK Centre: publication began in 2021 as digital format only. No print issues as of 14/9/22, publisher plans to publish back issues and all future issues as print on demand option for customers.
=985  \\$aISSN UK Centre: see also online version, ISSN 2753-4774. Please add 776 to both records on completion.
=985  \\$aLDO SERIALS - PLEASE PASS ALL ITEMS RECEIVED TO ISSN UK CENTRE.
=CAT  \\$a10973$b40$c20220914$lBLL01$h0939
=FMT  \\$a  SE
=LAS  \\$a10973$b40$c20220914$lBLL01$h0939
=LET  \0$aSteel jackdaw (Print)

