=LDR  00795nas a22002658i 4500
=001  020747613
=003  Uk
=005  20220914121153.0
=007  ta
=008  220914c20229999enkfr\p\\\\\\\0\\\a0eng\\
=022  0\$a2753-4782$202
=040  \\$aUk$beng$cUk$erda
=222  \0$aSystem beauty
=245  00$aSystem beauty.
=263  \\$a202210
=264  \1$aLondon :$bEnlightened Publishers Ltd
=310  \\$aSemiannual
=336  \\$atext$2rdacontent
=337  \\$aunmediated$2rdamedia
=338  \\$avolume$2rdacarrier
=985  \\$aISSN UK Centre: sister publication to 'System' ISSN 2052-0808. Please link if required.
=985  \\$aLDO SERIALS - PLEASE PASS ALL ITEMS RECEIVED TO ISSN UK CENTRE.
=CAT  \\$a10973$b40$c20220914$lBLL01$h1211
=FMT  \\$a  SE
=LAS  \\$a10973$b40$c20220914$lBLL01$h1211

