=LDR  00686nas a22002538i 4500
=001  020747687
=003  Uk
=005  20220914142045.0
=007  ta
=008  220914c20229999enkfr\p\\\\\\\0\\\a0eng\\
=022  0\$a2753-4790$202
=040  \\$aUk$beng$cUk$erda
=222  \4$aThe basement$b(Qualify)
=245  04$aThe basement.
=263  \\$a202210
=264  \1$aLondon :$bThe Basement
=310  \\$aSemiannual
=336  \\$atext$2rdacontent
=337  \\$aunmediated$2rdamedia
=338  \\$avolume$2rdacarrier
=985  \\$aLDO SERIALS - PLEASE PASS ALL ITEMS RECEIVED TO ISSN UK CENTRE.
=CAT  \\$a10973$b40$c20220914$lBLL01$h1420
=FMT  \\$a  SE
=LAS  \\$a10973$b40$c20220914$lBLL01$h1420

