=LDR  00828nas a22002778i 4500
=001  020749525
=003  Uk
=005  20220920080609.0
=007  ta
=008  220920c20229999stktr\j\\\\\\\0\\\a0eng\\
=022  0\$a2753-5584$202
=040  \\$aUk$beng$cUk$erda
=222  \0$aRock imaging journal$b(Print)
=245  00$aRock imaging journal.
=263  \\$a202211
=264  \1$aEdinburgh :$bEXPROBIZ Ltd
=310  \\$aThree times a year
=336  \\$atext$2rdacontent
=337  \\$aunmediated$2rdamedia
=338  \\$avolume$2rdacarrier
=776  08$iAlso issued online as:$tRock imaging journal$x2753-5592
=985  \\$aLDO SERIALS - PLEASE PASS ALL ITEMS RECEIVED TO ISSN UK CENTRE.
=CAT  \\$a10806$b40$c20220920$lBLL01$h0806
=FMT  \\$a  SE
=LAS  \\$a10806$b40$c20220920$lBLL01$h0806
=LET  \0$aRock imaging journal (Print)

