=LDR  00772nas a22002658i 4500
=001  020755141
=003  Uk
=005  20220923104557.0
=007  ta
=008  220923c20239999enkwr\p\\\\\\\0\\\a0eng\\
=022  0\$a2755-2896$202
=040  \\$aUk$beng$cUk$erda
=222  \0$aBuild the 1968 Ford Mustang GT
=245  00$aBuild the 1968 Ford Mustang GT.
=263  \\$a202301
=264  \1$aLondon :$bHachette Partworks Ltd
=310  \\$aWeekly
=336  \\$atext$2rdacontent
=337  \\$aunmediated$2rdamedia
=338  \\$avolume$2rdacarrier
=985  \\$aLDO SERIALS - PLEASE PASS ALL ITEMS RECEIVED TO ISSN UK CENTRE.
=CAT  \\$a11313$b40$c20220923$lBLL01$h1045
=FMT  \\$a  SE
=LAS  \\$a11313$b40$c20220923$lBLL01$h1045
=LET  \0$aBuild the 1968 Ford Mustang GT (Print)

