=LDR  00818nas a22002778i 4500
=001  020757196
=003  Uk
=005  20220926112019.0
=007  ta
=008  220926c20239999enkqr\p\\\\\\\0\\\a0eng\\
=022  0\$a2755-2918$202
=040  \\$aUk$beng$cUk$erda
=222  \0$aFifty four magazine$b(Print)
=245  00$aFifty four magazine.
=263  \\$a202301
=264  \1$aLondon :$bFifty Four Mag Ltd
=310  \\$aQuarterly
=336  \\$atext$2rdacontent
=337  \\$aunmediated$2rdamedia
=338  \\$avolume$2rdacarrier
=776  08$iAlso issued online as:$tFifty four magazine$x2755-2926
=985  \\$aLDO SERIALS - PLEASE PASS ALL ITEMS RECEIVED TO ISSN UK CENTRE.
=CAT  \\$a11313$b40$c20220926$lBLL01$h1120
=FMT  \\$a  SE
=LAS  \\$a11313$b40$c20220926$lBLL01$h1120
=LET  \0$aFifty four magazine (Print)

