=LDR  00904cas a22002898i 4500
=001  020757235
=003  Uk
=005  20230926112651.0
=007  ta
=008  220926c20239999enkmr\p\\\\\\\0\\\a0eng\\
=022  0\$a2755-2942$202
=040  \\$aUk$beng$cUk$erda
=222  \0$aLego dreamzzz$b(Qualify)
=245  00$aLego dreamzzz.
=263  \\$a202308
=264  \1$aLondon :$bImmediate Media
=310  \\$aMonthly
=336  \\$atext$2rdacontent
=337  \\$aunmediated$2rdamedia
=338  \\$avolume$2rdacarrier
=985  \\$aISSN UK Centre note: Originally assigned to the title 'Lego titan' but amended ahead of publication, 26.09.2023.
=985  \\$aLDO SERIALS - PLEASE PASS ALL ITEMS RECEIVED TO ISSN UK CENTRE.
=CAT  \\$a11313$b40$c20220926$lBLL01$h1334
=CAT  \\$a11313$b40$c20230926$lBLL01$h1126
=FMT  \\$a  SE
=LAS  \\$a11313$b40$c20230926$lBLL01$h1126
=LET  \0$aLego dreamzzz (Print)

