=LDR  00748nas a22002658i 4500
=001  020757554
=003  Uk
=005  20220927102916.0
=007  ta
=008  220927c20239999enkwr\p\\\\\\\0\\\a0eng\\
=022  0\$a2755-2977$202
=040  \\$aUk$beng$cUk$erda
=222  \0$aDisney cake decorating
=245  00$aDisney cake decorating.
=263  \\$a202301
=264  \1$aLondon :$bHachette Partworks Ltd
=310  \\$aWeekly
=336  \\$atext$2rdacontent
=337  \\$aunmediated$2rdamedia
=338  \\$avolume$2rdacarrier
=985  \\$aLDO SERIALS - PLEASE PASS ALL ITEMS RECEIVED TO ISSN UK CENTRE.
=CAT  \\$a11313$b40$c20220927$lBLL01$h1029
=FMT  \\$a  SE
=LAS  \\$a11313$b40$c20220927$lBLL01$h1029
=LET  \0$aDisney cake decorating (Print)

