=LDR  00843nas a22002898i 4500
=001  020760976
=003  Uk
=005  20220929081421.0
=007  ta
=008  220929c20229999enkwr\p\\\\\\\0\\\a0eng\\
=022  0\$a2755-2985$202
=040  \\$aUk$beng$cUk$erda
=222  \0$aOGN newsletter$b(Print)
=245  00$aOGN newsletter.
=246  3\$aOby Grace Nneka newsletter
=263  \\$a202210
=264  \1$aLondon :$bObygrace Publishing Ltd
=310  \\$aWeekly
=336  \\$atext$2rdacontent
=337  \\$aunmediated$2rdamedia
=338  \\$avolume$2rdacarrier
=776  08$iAlso issued online as:$tOGN newsletter$x2755-2993
=985  \\$aLDO SERIALS - PLEASE PASS ALL ITEMS RECEIVED TO ISSN UK CENTRE.
=CAT  \\$a11313$b40$c20220929$lBLL01$h0814
=FMT  \\$a  SE
=LAS  \\$a11313$b40$c20220929$lBLL01$h0814
=LET  \0$aOGN newsletter (Print)

