=LDR  00723nas a22002658i 4500
=001  020761207
=003  Uk
=005  20220929143222.0
=007  ta
=008  220929c20229999stkqr\p\\\\\\\0\\\a0eng\\
=022  0\$a2755-3000$202
=040  \\$aUk$beng$cUk$erda
=222  \0$aDreich planet
=245  00$aDreich planet.
=263  \\$a202211
=264  \1$aDunfermline :$bHybriddreich Ltd
=310  \\$aQuarterly
=336  \\$atext$2rdacontent
=337  \\$aunmediated$2rdamedia
=338  \\$avolume$2rdacarrier
=985  \\$aLDO SERIALS - PLEASE PASS ALL ITEMS RECEIVED TO ISSN UK CENTRE.
=CAT  \\$a11313$b40$c20220929$lBLL01$h1432
=FMT  \\$a  SE
=LAS  \\$a11313$b40$c20220929$lBLL01$h1432
=LET  \0$aDreich planet (Print)

