=LDR  00996nas a22002778i 4500
=001  020761278
=003  Uk
=005  20220929163024.0
=007  ta
=008  220929c20239999enkqr\g\\\\\\\0\\\a0eng\\
=022  0\$a2753-3514$202
=040  \\$aUk$beng$cUk$erda
=222  \0$aNational geographic little kids$b(Qualify)
=245  00$aNational geographic little kids.
=263  \\$a2023
=264  \1$aLondon :$bCreature Media Ltd
=310  \\$aMonthly
=336  \\$atext$2rdacontent
=337  \\$aunmediated$2rdamedia
=338  \\$avolume$2rdacarrier
=985  \\$aPublisher confirmed by email that this is the UK edition of this title, others on ISSN Portal published in US, Turkey, S Africa, please qualify when completing ( London)? ISSN UK Centre, SB. 29.9.2022
=985  \\$aLDO SERIALS - PLEASE PASS ALL ITEMS RECEIVED TO ISSN UK CENTRE.
=CAT  \\$a7152$b40$c20220929$lBLL01$h1630
=FMT  \\$a  SE
=LAS  \\$a7152$b40$c20220929$lBLL01$h1630
=LET  \0$aNational geographic little kids (Print)

