=LDR  00829nas a22002778i 4500
=001  020763430
=003  Uk
=005  20221003124206.0
=007  ta
=008  221003c20229999enkqr\p\\\\\\\0\\\a0eng\\
=022  0\$a2753-5649$202
=040  \\$aUk$beng$cUk$erda
=222  \0$aGIRMIT - The Agreement$b(Print)
=245  00$aGIRMIT - The Agreement.
=263  \\$a202210
=264  \1$aRichmond, Surrey :$bNutkhut
=310  \\$aQuarterly
=336  \\$atext$2rdacontent
=337  \\$aunmediated$2rdamedia
=338  \\$avolume$2rdacarrier
=776  08$iAlso issued online as:$tGIRMIT - The Agreement$x2753-5657
=985  \\$aLDO SERIALS - PLEASE PASS ALL ITEMS RECEIVED TO ISSN UK CENTRE.
=CAT  \\$a10806$b40$c20221003$lBLL01$h1242
=FMT  \\$a  SE
=LAS  \\$a10806$b40$c20221003$lBLL01$h1242
=LET  \0$aGIRMIT - The Agreement (Print)

