=LDR  00847nas a22002778i 4500
=001  020768302
=003  Uk
=005  20221006082848.0
=007  ta
=008  221006c20239999enkwr\p\\\\\\\0\\\a0eng\\
=022  0\$a2755-3043$202
=040  \\$aUk$beng$cUk$erda
=222  \0$aBuild the Lotus Renault 97T Ayrton Senna
=245  00$aBuild the Lotus Renault 97T Ayrton Senna.
=263  \\$a202303
=264  \1$aLondon :$bDe Agostini UK Ltd
=310  \\$aWeekly
=336  \\$atext$2rdacontent
=337  \\$aunmediated$2rdamedia
=338  \\$avolume$2rdacarrier
=985  \\$aLDO SERIALS - PLEASE PASS ALL ITEMS RECEIVED TO ISSN UK CENTRE.
=CAT  \\$a11313$b40$c20221006$lBLL01$h0819
=CAT  \\$a11313$b40$c20221006$lBLL01$h0828
=FMT  \\$a  SE
=LAS  \\$a11313$b40$c20221006$lBLL01$h0828
=LET  \0$aBuild the Lotus Renault 97T Ayrton Senna (Print)

