=LDR  00673nas a22002538i 4500
=001  020768433
=003  Uk
=005  20221006122830.0
=007  ta
=008  221006c20229999enkar\p\\\\\\\0\\\a0eng\\
=022  0\$a2755-9432$202
=040  \\$aUk$beng$cUk$erda
=222  \0$aCinema du look
=245  00$aCinema du look.
=263  \\$a202211
=264  \1$aRochester :$bD. Oren
=310  \\$aAnnual
=336  \\$atext$2rdacontent
=337  \\$aunmediated$2rdamedia
=338  \\$avolume$2rdacarrier
=985  \\$aLDO SERIALS - PLEASE PASS ALL ITEMS RECEIVED TO ISSN UK CENTRE.
=CAT  \\$a10973$b40$c20221006$lBLL01$h1228
=FMT  \\$a  SE
=LAS  \\$a10973$b40$c20221006$lBLL01$h1228

