=LDR  00839nas a22002778i 4500
=001  020768449
=003  Uk
=005  20221006130426.0
=007  ta
=008  221006c20229999enkar\p\\\\\\\0\\\a0eng\\
=022  0\$a2755-9440$202
=040  \\$aUk$beng$cUk$erda
=222  \0$aPerformance and communities$b(Print)
=245  00$aPerformance and communities.
=263  \\$a202212
=264  \1$aBristol :$bIntellect
=310  \\$aAnnual
=336  \\$atext$2rdacontent
=337  \\$aunmediated$2rdamedia
=338  \\$avolume$2rdacarrier
=776  08$iAlso issued online as:$tPerformance and communities$x2755-9459
=985  \\$aLDO SERIALS - PLEASE PASS ALL ITEMS RECEIVED TO ISSN UK CENTRE.
=CAT  \\$a10973$b40$c20221006$lBLL01$h1304
=FMT  \\$a  SE
=LAS  \\$a10973$b40$c20221006$lBLL01$h1304
=LET  \0$aPerformance and communities (Print)

