=LDR  00849nas a22002778i 4500
=001  020776413
=003  Uk
=005  20221014143645.0
=007  ta
=008  221014c20229999enkqr\p\\\\\\\0\\\a0eng\\
=022  0\$a2753-3565$202
=040  \\$aUk$beng$cUk$erda
=222  \0$aDracular the return
=245  00$aDracular the return.
=263  \\$a202210
=264  \1$aShrewsbury :$bScratch Comics Publications
=310  \\$aQuarterly
=336  \\$atext$2rdacontent
=337  \\$aunmediated$2rdamedia
=338  \\$avolume$2rdacarrier
=985  \\$aProofs/draft seen of cover and page with publisher info, ISSN UK Centre, 14.10.2022.
=985  \\$aLDO SERIALS - PLEASE PASS ALL ITEMS RECEIVED TO ISSN UK CENTRE.
=CAT  \\$a7152$b40$c20221014$lBLL01$h1436
=FMT  \\$a  SE
=LAS  \\$a7152$b40$c20221014$lBLL01$h1436
=LET  \0$aDracula the return (Print)

