=LDR  00744nas a22002658i 4500
=001  020780953
=003  Uk
=005  20221019105113.0
=007  ta
=008  221019c20239999enkfr\p\\\\\\\0\\\a0eng\\
=022  0\$a2753-3573$202
=040  \\$aUk$beng$cUk$erda
=222  \0$aMain review England
=245  00$aMain review England.
=263  \\$a202301
=264  \1$aLondon :$bMain Objective Ltd
=310  \\$aTwo issues yearly
=336  \\$atext$2rdacontent
=337  \\$aunmediated$2rdamedia
=338  \\$avolume$2rdacarrier
=985  \\$aLDO SERIALS - PLEASE PASS ALL ITEMS RECEIVED TO ISSN UK CENTRE.
=CAT  \\$a7152$b40$c20221019$lBLL01$h1051
=FMT  \\$a  SE
=LAS  \\$a7152$b40$c20221019$lBLL01$h1051
=LET  \0$aMain review England (Print)

