=LDR  00897nas a22002778i 4500
=001  020781188
=003  Uk
=005  20221019143136.0
=007  ta
=008  221019c20229999enkqr\p\\\\\\\0\\\a0eng\\
=022  0\$a2755-9548$202
=040  \\$aUk$beng$cUk$erda
=222  \0$aBanstead History newsletter$b(Print)
=245  00$aBanstead History newsletter.
=263  \\$a202211
=264  \1$aBanstead :$bBanstead History
=310  \\$aQuarterly
=336  \\$atext$2rdacontent
=337  \\$aunmediated$2rdamedia
=338  \\$avolume$2rdacarrier
=985  \\$aISSN UK Centre: see also online format version, ISSN 2753-7188. Please add 776 to both records on completion.
=985  \\$aLDO SERIALS - PLEASE PASS ALL ITEMS RECEIVED TO ISSN UK CENTRE.
=CAT  \\$a10973$b40$c20221019$lBLL01$h1431
=FMT  \\$a  SE
=LAS  \\$a10973$b40$c20221019$lBLL01$h1431
=LET  \0$aBanstead History newsletter (Print)

