=LDR  00731nas a22002538i 4500
=001  020784623
=003  Uk
=005  20221025084642.0
=007  ta
=008  221025c20239999enkar\p\\\\\\\0\\\a0eng\\
=022  0\$a2753-572X$202
=040  \\$aUk$beng$cUk$erda
=222  \4$aThe Pembroke academic journal
=245  04$aThe Pembroke academic journal.
=263  \\$a202306
=264  \1$aOxford :$bPembroke College, University of Oxford
=310  \\$aAnnual
=336  \\$atext$2rdacontent
=337  \\$aunmediated$2rdamedia
=338  \\$avolume$2rdacarrier
=985  \\$aLDO SERIALS - PLEASE PASS ALL ITEMS RECEIVED TO ISSN UK CENTRE.
=CAT  \\$a10806$b40$c20221025$lBLL01$h0846
=FMT  \\$a  SE
=LAS  \\$a10806$b40$c20221025$lBLL01$h0846

