=LDR  00682nas a22002538i 4500
=001  020788526
=003  Uk
=005  20221027084039.0
=007  ta
=008  221027c20229999enkfr\p\\\\\\\0\\\a0eng\\
=022  0\$a2755-9580$202
=040  \\$aUk$beng$cUk$erda
=222  \0$aHoldfire magazine
=245  00$aHoldfire magazine.
=263  \\$a202212
=264  \1$aSandbach :$bM. Egan
=310  \\$aSemiannual
=336  \\$atext$2rdacontent
=337  \\$aunmediated$2rdamedia
=338  \\$avolume$2rdacarrier
=985  \\$aLDO SERIALS - PLEASE PASS ALL ITEMS RECEIVED TO ISSN UK CENTRE.
=CAT  \\$a10973$b40$c20221027$lBLL01$h0840
=FMT  \\$a  SE
=LAS  \\$a10973$b40$c20221027$lBLL01$h0840

