=LDR  00776nas a22002658i 4500
=001  020790158
=003  Uk
=005  20221031113251.0
=007  ta
=008  221031c20229999enkfr\p\\\\\\\0\\\a0eng\\
=022  0\$a2755-3116$202
=040  \\$aUk$beng$cUk$erda
=222  \0$aSussex Gardens Trust journal
=245  00$aSussex Gardens Trust journal.
=263  \\$a202211
=264  \1$aHaywards Heath :$bSussex Gardens Trust
=310  \\$aSemiannual
=336  \\$atext$2rdacontent
=337  \\$aunmediated$2rdamedia
=338  \\$avolume$2rdacarrier
=985  \\$aLDO SERIALS - PLEASE PASS ALL ITEMS RECEIVED TO ISSN UK CENTRE.
=CAT  \\$a11313$b40$c20221031$lBLL01$h1132
=FMT  \\$a  SE
=LAS  \\$a11313$b40$c20221031$lBLL01$h1132
=LET  \0$aSussex Gardens Trust journal (Print)

