=LDR  00763nas a22002778i 4500
=001  020796919
=003  Uk
=005  20221103093126.0
=007  ta
=008  221103c20239999enkqr\p\\\\\\\0\\\a0eng\\
=022  0\$a2755-9653$202
=040  \\$aUk$beng$cUk$erda
=222  \0$aCathaica$b(Print)
=245  00$aCathaica.
=263  \\$a202301
=264  \1$aLondon :$bZ. Chen
=310  \\$aQuarterly
=336  \\$atext$2rdacontent
=337  \\$aunmediated$2rdamedia
=338  \\$avolume$2rdacarrier
=776  08$iAlso issued online as:$tCathaica$x2755-9661
=985  \\$aLDO SERIALS - PLEASE PASS ALL ITEMS RECEIVED TO ISSN UK CENTRE.
=CAT  \\$a10973$b40$c20221103$lBLL01$h0931
=FMT  \\$a  SE
=LAS  \\$a10973$b40$c20221103$lBLL01$h0931
=LET  \0$aCathaica (Print)

