=LDR  00827nas a22002658i 4500
=001  020797039
=003  Uk
=005  20221103111744.0
=007  ta
=008  221103c20239999enkbr\p\\\\\\\0\\\a0eng\\
=022  0\$a2755-970X$202
=040  \\$aUk$beng$cUk$erda
=222  \0$aFuture living plus series
=245  00$aFuture living plus series.
=263  \\$a202301
=264  \1$aLondon :$bFuture Publishing
=310  \\$aBimonthly
=336  \\$atext$2rdacontent
=337  \\$aunmediated$2rdamedia
=338  \\$avolume$2rdacarrier
=985  \\$aLDO SERIALS - PLEASE PASS ALL ITEMS RECEIVED TO ISSN UK CENTRE.
=985  \\$aISSN UK Centre: see also related series 'Future living series', ISSN 2755-9696. Please link if necessary.
=CAT  \\$a10973$b40$c20221103$lBLL01$h1117
=FMT  \\$a  SE
=LAS  \\$a10973$b40$c20221103$lBLL01$h1117

