=LDR  00934nas a22002778i 4500
=001  020797066
=003  Uk
=005  20221103114307.0
=007  ta
=008  221103c20239999enk\x\m\\\\\\\0\\\a0eng\\
=022  0\$a2755-9718$202
=040  \\$aUk$beng$cUk$erda
=222  \0$aElements in music and musicians, 1600-1750$b(Print)
=245  00$aElements in music and musicians, 1600-1750.
=263  \\$a202305
=264  \1$aCambridge :$bCambridge University Press & Assessment
=310  \\$aIrregular
=336  \\$atext$2rdacontent
=337  \\$aunmediated$2rdamedia
=338  \\$avolume$2rdacarrier
=776  08$iAlso issued online as:$tElements in music and musicians, 1600-1750$x2755-9726
=985  \\$aLDO SERIALS - PLEASE PASS ALL ITEMS RECEIVED TO ISSN UK CENTRE.
=CAT  \\$a10973$b40$c20221103$lBLL01$h1143
=FMT  \\$a  SE
=LAS  \\$a10973$b40$c20221103$lBLL01$h1143
=LET  \0$aElements in music and musicians, 1600-1750 (Print)

