=LDR  00858nas a22002898i 4500
=001  020797794
=003  Uk
=005  20221104072924.0
=007  ta
=008  221104c20229999wlkqr\g\\\\\\\0\\\a0eng\\
=022  0\$a2753-5851$202
=040  \\$aUk$beng$cUk$erda
=222  \0$aMakeup manifesto$b(Print)
=245  00$aMakeup manifesto.
=263  \\$a202211
=264  \1$aCardiff :$bVictoria Northbrooke
=310  \\$aQuarterly
=336  \\$atext$2rdacontent
=337  \\$aunmediated$2rdamedia
=338  \\$avolume$2rdacarrier
=776  08$iAlso issued online as:$tMakeup manifesto$x2753-586X
=985  \\$aLDO SERIALS - PLEASE PASS ALL ITEMS RECEIVED TO ISSN UK CENTRE.
=CAT  \\$a10806$b40$c20221104$lBLL01$h0728
=CAT  \\$a10806$b40$c20221104$lBLL01$h0729
=FMT  \\$a  SE
=LAS  \\$a10806$b40$c20221104$lBLL01$h0729
=LET  \0$aMakeup manifesto (Print)

