=LDR  00866nas a22002778i 4500
=001  020799130
=003  Uk
=005  20221107080653.0
=007  ta
=008  221107c20uu9999stkar\p\\\\\\\0\\\a0eng\\
=022  0\$a2753-5886$202
=040  \\$aUk$beng$cUk$erda
=222  \0$aAnnual review$b(RSABI (Organization). Print)
=245  00$aAnnual review.
=263  \\$a202211
=264  \1$aNewbridge, Midlothian :$bRoyal Scottish Agricultural Benevolent Institution
=310  \\$aAnnual
=336  \\$atext$2rdacontent
=337  \\$aunmediated$2rdamedia
=338  \\$avolume$2rdacarrier
=776  08$iAlso issued online as:$tAnnual review$x2753-5894
=985  \\$aLDO SERIALS - PLEASE PASS ALL ITEMS RECEIVED TO ISSN UK CENTRE.
=CAT  \\$a10806$b40$c20221107$lBLL01$h0806
=FMT  \\$a  SE
=LAS  \\$a10806$b40$c20221107$lBLL01$h0806
=LET  \0$aRSABI annual review (Print)

