=LDR  01158cas a22003258i 4500
=001  020799215
=003  Uk
=005  20230331171157.0
=007  ta
=008  221107c20239999enkqr\j\\\\\\\0\\\a0eng\\
=022  0\$a2753-5924$202
=040  \\$aUk$beng$cUk$erda
=222  \0$aInternational journal for advancing practice$b(Print)
=245  00$aInternational journal for advancing practice.
=263  \\$a202304
=264  \1$aLondon :$bMA Healthcare Ltd
=310  \\$aQuarterly
=336  \\$atext$2rdacontent
=337  \\$aunmediated$2rdamedia
=338  \\$avolume$2rdacarrier
=540  \\$aCurrent Copyright Fee: GBP25.00$c0$5Uk
=776  08$iAlso issued online as:$tInternational journal for advancing practice$x2753-5932
=985  \\$aLDO SERIALS - PLEASE PASS ALL ITEMS RECEIVED TO ISSN UK CENTRE.
=CAT  \\$a10806$b40$c20221107$lBLL01$h1004
=CAT  \\$aBATCH-CLA$b00$c20230314$lBLL01$h1827
=CAT  \\$aIPL-CLA$c20230331$lBLL01$h1711
=CFI  0\$aCurrent Copyright Fee: GBP25.00$c0$e01-apr-2023$fGBP25.00$g0$hC$5Uk
=FMT  \\$a  SE
=LAS  \\$aIPL-CLA$b00$c20230331$lBLL01$h1711
=LET  \0$aInternational journal for advancing practice (Print)

