=LDR  00869nas a22002778i 4500
=001  020799776
=003  Uk
=005  20221108092302.0
=007  ta
=008  221108c20239999enkbr\p\\\\\\\0\\\a0eng\\
=022  0\$a2755-3140$202
=040  \\$aUk$beng$cUk$erda
=222  \0$aFuture choice series
=245  00$aFuture choice series.
=263  \\$a202301
=264  \1$aLondon :$bFuture Publishing
=310  \\$aBimonthly
=336  \\$atext$2rdacontent
=337  \\$aunmediated$2rdamedia
=338  \\$avolume$2rdacarrier
=985  \\$aISSN UK Centre note: Please see related series 'Future choice plus series' ISSN 2755-3159 and link if necessary.
=985  \\$aLDO SERIALS - PLEASE PASS ALL ITEMS RECEIVED TO ISSN UK CENTRE.
=CAT  \\$a11313$b40$c20221108$lBLL01$h0923
=FMT  \\$a  SE
=LAS  \\$a11313$b40$c20221108$lBLL01$h0923
=LET  \0$aFuture choice series (Print)

