=LDR  00858nas a22002778i 4500
=001  020799944
=003  Uk
=005  20221108142746.0
=007  ta
=008  221108c20249999enkfr\p\\\\\\\0\\\a0eng\\
=022  0\$a2755-3167$202
=040  \\$aUk$beng$cUk$erda
=222  \0$aLanguages in global context$b(Print)
=245  00$aLanguages in global context.
=263  \\$a202401
=264  \1$aSheffield :$bEquinox Publishing Ltd
=310  \\$aSemiannual
=336  \\$atext$2rdacontent
=337  \\$aunmediated$2rdamedia
=338  \\$avolume$2rdacarrier
=776  08$iAlso issued online as:$tLanguages in global context$x2755-3175
=985  \\$aLDO SERIALS - PLEASE PASS ALL ITEMS RECEIVED TO ISSN UK CENTRE.
=CAT  \\$a11313$b40$c20221108$lBLL01$h1427
=FMT  \\$a  SE
=LAS  \\$a11313$b40$c20221108$lBLL01$h1427
=LET  \0$aLanguages in global context (Print)

