=LDR  00894nas a22002778i 4500
=001  020805194
=003  Uk
=005  20221110162504.0
=007  ta
=008  221110c20249999stktr\p\\\\\\\0\\\a0eng\\
=022  0\$a2755-9785$202
=040  \\$aUk$beng$cUk$erda
=222  \0$aPhilosophy, politics and critique$b(Print)
=245  00$aPhilosophy, politics and critique.
=263  \\$a202404
=264  \1$aEdinburgh :$bEdinburgh University Press
=310  \\$aThree times a year
=336  \\$atext$2rdacontent
=337  \\$aunmediated$2rdamedia
=338  \\$avolume$2rdacarrier
=776  08$iAlso issued online as:$tPhilosophy, politics and critique$x2755-9793
=985  \\$aLDO SERIALS - PLEASE PASS ALL ITEMS RECEIVED TO ISSN UK CENTRE.
=CAT  \\$a10973$b40$c20221110$lBLL01$h1625
=FMT  \\$a  SE
=LAS  \\$a10973$b40$c20221110$lBLL01$h1625
=LET  \0$aPhilosophy, politics and critique (Print)

