=LDR  00804nas a22002778i 4500
=001  020805512
=003  Uk
=005  20221111104052.0
=007  ta
=008  221111c20239999enker\p\\\\\\\0\\\a0eng\\
=022  0\$a2755-9807$202
=040  \\$aUk$beng$cUk$erda
=222  \4$aThe official collection. One Piece
=245  04$aThe official collection. One Piece
=246  13$aOne Piece
=263  \\$a202302
=264  \1$aLondon :$bHachette Partworks Ltd
=310  \\$aFortnightly
=336  \\$atext$2rdacontent
=337  \\$aunmediated$2rdamedia
=338  \\$avolume$2rdacarrier
=985  \\$aLDO SERIALS - PLEASE PASS ALL ITEMS RECEIVED TO ISSN UK CENTRE.
=CAT  \\$a10973$b40$c20221111$lBLL01$h1037
=CAT  \\$a10973$b40$c20221111$lBLL01$h1040
=FMT  \\$a  SE
=LAS  \\$a10973$b40$c20221111$lBLL01$h1040

