=LDR  00812nas a22002898i 4500
=001  020805636
=003  Uk
=005  20221111131107.0
=007  ta
=008  221111c20229999enkwr\p\\\\\\\0\\\a0eng\\
=022  0\$a2755-9823$202
=040  \\$aUk$beng$cUk$erda
=222  \0$aNE global$b(Print)
=245  00$aNE global.
=246  3\$aNova Era global
=263  \\$a202211
=264  \1$aLondon :$bNE Global Media Limited
=310  \\$aWeekly
=336  \\$atext$2rdacontent
=337  \\$aunmediated$2rdamedia
=338  \\$avolume$2rdacarrier
=776  08$iAlso issued online as:$tNE global$x2755-9831
=985  \\$aLDO SERIALS - PLEASE PASS ALL ITEMS RECEIVED TO ISSN UK CENTRE.
=CAT  \\$a10973$b40$c20221111$lBLL01$h1311
=FMT  \\$a  SE
=LAS  \\$a10973$b40$c20221111$lBLL01$h1311
=LET  \0$aNE global (Print)

