=LDR  01021nas a22002898i 4500
=001  020806588
=003  Uk
=005  20221115080218.0
=007  ta
=008  221115c20239999enktr\g\\\\\\\0\\\a0eng\\
=022  0\$a2753-4014$202
=040  \\$aUk$beng$cUk$erda
=222  \4$aThe Dean Martin Association journals. Special edition
=245  04$aThe Dean Martin Association journals.$pSpecial edition.
=246  30$aSpecial edition
=263  \\$a202304
=264  \1$aWestcliff on Sea :$bMemory Hive Productions
=310  \\$aThree times a year
=336  \\$atext$2rdacontent
=337  \\$aunmediated$2rdamedia
=338  \\$avolume$2rdacarrier
=985  \\$aLDO SERIALS - PLEASE PASS ALL ITEMS RECEIVED TO ISSN UK CENTRE.
=985  \\$aSee also 2753-6793 - please link on completion of both records. Mock-ups of both covers received via email 11/11/22
=CAT  \\$a10806$b40$c20221115$lBLL01$h0802
=FMT  \\$a  SE
=LAS  \\$a10806$b40$c20221115$lBLL01$h0802
=LET  \4$aThe Dean Martin Association journals. Special edition

