=LDR  00911nas a22002898i 4500
=001  020811432
=003  Uk
=005  20221117163413.0
=007  ta
=008  221117c20239999enkfr\p\\\\\\\0\\\a0eng\\
=022  0\$a2755-9912$202
=040  \\$aUk$beng$cUk$erda
=222  \0$aJournal of IP protection$b(Print)
=245  00$aJournal of IP protection.
=246  3\$aJournal of intellectual property protection
=263  \\$a202309
=264  \1$aLondon :$bUniversity of Buckingham Press
=310  \\$aSemiannual
=336  \\$atext$2rdacontent
=337  \\$aunmediated$2rdamedia
=338  \\$avolume$2rdacarrier
=776  08$iAlso issued online as:$tJournal of IP protection$x2755-9920
=985  \\$aLDO SERIALS - PLEASE PASS ALL ITEMS RECEIVED TO ISSN UK CENTRE.
=CAT  \\$a10973$b40$c20221117$lBLL01$h1634
=FMT  \\$a  SE
=LAS  \\$a10973$b40$c20221117$lBLL01$h1634
=LET  \0$aJournal of IP protection (Print)

