=LDR  00939nas a22002778i 4500
=001  020815545
=003  Uk
=005  20221121112238.0
=007  ta
=008  221121c20239999enkfr\p\\\\\\\0\\\a0eng\\
=022  0\$a2755-3248$202
=040  \\$aUk$beng$cUk$erda
=222  \0$aJournal of sustainable dermatology in practice$b(Print)
=245  00$aJournal of sustainable dermatology in practice.
=263  \\$a202309
=264  \1$aLondon :$bUniversity of Buckingham Press
=310  \\$aSemiannual
=336  \\$atext$2rdacontent
=337  \\$aunmediated$2rdamedia
=338  \\$avolume$2rdacarrier
=776  08$iAlso issued online as:$tJournal of sustainable dermatology in practice$x2755-3256
=985  \\$aLDO SERIALS - PLEASE PASS ALL ITEMS RECEIVED TO ISSN UK CENTRE.
=CAT  \\$a11313$b40$c20221121$lBLL01$h1122
=FMT  \\$a  SE
=LAS  \\$a11313$b40$c20221121$lBLL01$h1122
=LET  \0$aJournal of sustainable dermatology in practice (Print)

