=LDR  00664nas a22002538i 4500
=001  020820503
=003  Uk
=005  20221124160613.0
=007  ta
=008  221124c20229999enkar\p\\\\\\\0\\\a0eng\\
=022  0\$a2755-9955$202
=040  \\$aUk$beng$cUk$erda
=222  \0$aArtiq annual
=245  00$aArtiq annual.
=263  \\$a202212
=264  \1$aLondon :$bArtiq
=310  \\$aAnnual
=336  \\$atext$2rdacontent
=337  \\$aunmediated$2rdamedia
=338  \\$avolume$2rdacarrier
=985  \\$aLDO SERIALS - PLEASE PASS ALL ITEMS RECEIVED TO ISSN UK CENTRE.
=CAT  \\$a10973$b40$c20221124$lBLL01$h1606
=FMT  \\$a  SE
=LAS  \\$a10973$b40$c20221124$lBLL01$h1606

