=LDR  00667nas a22002538i 4500
=001  020820505
=003  Uk
=005  20221124162221.0
=007  ta
=008  221124c20229999enkqr\p\\\\\\\0\\\a0eng\\
=022  0\$a2755-9963$202
=040  \\$aUk$beng$cUk$erda
=222  \0$aWerke
=245  00$aWerke.
=263  \\$a202211
=264  \1$aBruntingthorpe :$bW. Beaumont
=310  \\$aQuarterly
=336  \\$atext$2rdacontent
=337  \\$aunmediated$2rdamedia
=338  \\$avolume$2rdacarrier
=985  \\$aLDO SERIALS - PLEASE PASS ALL ITEMS RECEIVED TO ISSN UK CENTRE.
=CAT  \\$a10973$b40$c20221124$lBLL01$h1622
=FMT  \\$a  SE
=LAS  \\$a10973$b40$c20221124$lBLL01$h1622

