=LDR  00885nas a22002778i 4500
=001  020828500
=003  Uk
=005  20221202105137.0
=007  ta
=008  221202c20239999enk\x\m\\\\\\\0\\\a0eng\\
=022  0\$a2976-5277$202
=040  \\$aUk$beng$cUk$erda
=222  \0$aElements in Greek and Roman drama$b(Print)
=245  00$aElements in Greek and Roman drama.
=263  \\$a202307
=264  \1$aCambridge :$bCambridge University Press
=310  \\$aIrregular
=336  \\$atext$2rdacontent
=337  \\$aunmediated$2rdamedia
=338  \\$avolume$2rdacarrier
=776  08$iAlso issued online as:$tElements in Greek and Roman drama$x2976-5285
=985  \\$aLDO SERIALS - PLEASE PASS ALL ITEMS RECEIVED TO ISSN UK CENTRE.
=CAT  \\$a10973$b40$c20221202$lBLL01$h1051
=FMT  \\$a  SE
=LAS  \\$a10973$b40$c20221202$lBLL01$h1051
=LET  \0$aElements in Greek and Roman drama (Print)

