=LDR  00730nas a22002538i 4500
=001  020828573
=003  Uk
=005  20221202122824.0
=007  ta
=008  221202c20239999enkar\p\\\\\\\0\\\a0eng\\
=022  0\$a2976-5323$202
=040  \\$aUk$beng$cUk$erda
=222  \0$aMy brush with spirit
=245  00$aMy brush with spirit.
=263  \\$a202301
=264  \1$aWalford, Ross-on-Wye :$bMatrix Training & Coaching Ltd (matriXtc)
=310  \\$aAnnual
=336  \\$atext$2rdacontent
=337  \\$aunmediated$2rdamedia
=338  \\$avolume$2rdacarrier
=985  \\$aLDO SERIALS - PLEASE PASS ALL ITEMS RECEIVED TO ISSN UK CENTRE.
=CAT  \\$a10973$b40$c20221202$lBLL01$h1228
=FMT  \\$a  SE
=LAS  \\$a10973$b40$c20221202$lBLL01$h1228

