=LDR  00772nas a22002778i 4500
=001  020829619
=003  Uk
=005  20221205085640.0
=007  ta
=008  221205c20239999enkbr\g\\\\\\\0\\\a0eng\\
=022  0\$a2753-4073$202
=040  \\$aUk$beng$cUk$erda
=222  \0$aMusicals$b(Print)
=245  00$aMusicals.
=263  \\$a202304
=264  \1$aLondon :$bMark Allen Group
=310  \\$aBimonthly
=336  \\$atext$2rdacontent
=337  \\$aunmediated$2rdamedia
=338  \\$avolume$2rdacarrier
=776  08$iAlso issued online as:$tMusicals$x2753-4081
=985  \\$aLDO SERIALS - PLEASE PASS ALL ITEMS RECEIVED TO ISSN UK CENTRE.
=CAT  \\$a10806$b40$c20221205$lBLL01$h0856
=FMT  \\$a  SE
=LAS  \\$a10806$b40$c20221205$lBLL01$h0856
=LET  \0$aMusicals (Print)

