=LDR  00689nas a22002538i 4500
=001  020835900
=003  Uk
=005  20221209125206.0
=007  ta
=008  221209c20239999enkbr\p\\\\\\\0\\\a0eng\\
=022  0\$a2976-5366$202
=040  \\$aUk$beng$cUk$erda
=222  \0$aFree from living
=245  00$aFree from living.
=263  \\$a202303
=264  \1$aLeeds :$bFree From Living Ltd
=310  \\$aBimonthly
=336  \\$atext$2rdacontent
=337  \\$aunmediated$2rdamedia
=338  \\$avolume$2rdacarrier
=985  \\$aLDO SERIALS - PLEASE PASS ALL ITEMS RECEIVED TO ISSN UK CENTRE.
=CAT  \\$a10973$b40$c20221209$lBLL01$h1252
=FMT  \\$a  SE
=LAS  \\$a10973$b40$c20221209$lBLL01$h1252

