=LDR  00675nas a22002538i 4500
=001  020835919
=003  Uk
=005  20221209134130.0
=007  ta
=008  221209c20239999enkar\p\\\\\\\0\\\a0eng\\
=022  0\$a2976-5374$202
=040  \\$aUk$beng$cUk$erda
=222  \0$aRugby icon
=245  00$aRugby icon.
=263  \\$a202307
=264  \1$aBracknell :$bHM Communications
=310  \\$aAnnual
=336  \\$atext$2rdacontent
=337  \\$aunmediated$2rdamedia
=338  \\$avolume$2rdacarrier
=985  \\$aLDO SERIALS - PLEASE PASS ALL ITEMS RECEIVED TO ISSN UK CENTRE.
=CAT  \\$a10973$b40$c20221209$lBLL01$h1341
=FMT  \\$a  SE
=LAS  \\$a10973$b40$c20221209$lBLL01$h1341

