=LDR  00694nas a22002658i 4500
=001  020836845
=003  Uk
=005  20221213105656.0
=007  ta
=008  221213c20239999enkar\p\\\\\\\0\\\a0eng\\
=022  0\$a2753-362X$202
=040  \\$aUk$beng$cUk$erda
=222  \0$aClutter
=245  00$aClutter.
=263  \\$a202302
=264  \1$aPlymouth :$bClutter Press
=310  \\$aAnnual
=336  \\$atext$2rdacontent
=337  \\$aunmediated$2rdamedia
=338  \\$avolume$2rdacarrier
=985  \\$aLDO SERIALS - PLEASE PASS ALL ITEMS RECEIVED TO ISSN UK CENTRE.
=CAT  \\$a7152$b40$c20221213$lBLL01$h1056
=FMT  \\$a  SE
=LAS  \\$a7152$b40$c20221213$lBLL01$h1056
=LET  \0$aClutter (Print)

