=LDR  00859nas a22002778i 4500
=001  020836917
=003  Uk
=005  20221213124319.0
=007  ta
=008  221213c20239999enkfr\p\\\\\\\0\\\a0eng\\
=022  0\$a2755-3302$202
=040  \\$aUk$beng$cUk$erda
=222  \0$aMusic, community, and education$b(Print)
=245  00$aMusic, community, and education.
=263  \\$a202301
=264  \1$aBristol :$bIntellect
=310  \\$aSemiannual
=336  \\$atext$2rdacontent
=337  \\$aunmediated$2rdamedia
=338  \\$avolume$2rdacarrier
=776  08$iAlso issued online as:$tMusic, community, and education$x2755-3310
=985  \\$aLDO SERIALS - PLEASE PASS ALL ITEMS RECEIVED TO ISSN UK CENTRE.
=CAT  \\$a11313$b40$c20221213$lBLL01$h1243
=FMT  \\$a  SE
=LAS  \\$a11313$b40$c20221213$lBLL01$h1243
=LET  \0$aMusic, community, and education (Print)

