=LDR  01344nas a22003138i 4500
=001  020846191
=003  Uk
=005  20221221104800.0
=007  ta
=008  221221c20229999enktr\p\\\\\\\0\\\a0eng\\
=022  0\$a2755-3361$202
=040  \\$aUk$beng$cUk$erda
=222  \0$aAl-asma-ul-Husna - Allah Rab-ul-Izat K 99 Nam - Urdu Shairi K Tnazur mei$b(Print)
=245  00$aAl-asma-ul-Husna - Allah Rab-ul-Izat K 99 Nam - Urdu Shairi K Tnazur mei.
=263  \\$a202212
=264  \1$aLondon :$bAdnan Sharif
=310  \\$aThree issues yearly
=336  \\$atext$2rdacontent
=337  \\$aunmediated$2rdamedia
=338  \\$avolume$2rdacarrier
=776  08$iAlso issued online as:$tAl-asma-ul-Husna - Allah Rab-ul-Izat K 99 Nam - Urdu Shairi K Tnazur mei$x2755-337X
=985  \\$aLDO SERIALS - PLEASE PASS ALL ITEMS RECEIVED TO ISSN UK CENTRE.
=985  \\$aISSN UK Centre note: Title likely to be in Urdu script - English translation of title provided by publisher: 'The most beautiful names - 99 names of Allah Almighty - In the light of Urdu poetry'.
=CAT  \\$a11313$b40$c20221221$lBLL01$h1032
=CAT  \\$a11313$b40$c20221221$lBLL01$h1033
=CAT  \\$a11313$b40$c20221221$lBLL01$h1048
=FMT  \\$a  SE
=LAS  \\$a11313$b40$c20221221$lBLL01$h1048
=LET  \0$aAl-asma-ul-Husna - Allah Rab-ul-Izat K 99 Nam - Urdu Shairi K Tnazur mei (Print)

