=LDR  00720nas a22002658i 4500
=001  020850431
=003  Uk
=005  20230103140124.0
=007  ta
=008  230103c20239999enktr\p\\\\\\\0\\\a0eng\\
=022  0\$a2753-3646$202
=040  \\$aUk$beng$cUk$erda
=222  \0$aCommonland
=245  00$aCommonland.
=263  \\$a202301
=264  \1$aLondon :$bCommonland Magazine
=310  \\$aThree issues yearly
=336  \\$atext$2rdacontent
=337  \\$aunmediated$2rdamedia
=338  \\$avolume$2rdacarrier
=985  \\$aLDO SERIALS - PLEASE PASS ALL ITEMS RECEIVED TO ISSN UK CENTRE.
=CAT  \\$a7152$b40$c20230103$lBLL01$h1401
=FMT  \\$a  SE
=LAS  \\$a7152$b40$c20230103$lBLL01$h1401
=LET  \0$aCommonland (Print)

