=LDR  00719nas a22002658i 4500
=001  020851052
=003  Uk
=005  20230104123110.0
=007  ta
=008  230104c20239999enkbr\g\\\\\\\0\\\a0eng\\
=022  0\$a2753-4197$202
=040  \\$aUk$beng$cUk$erda
=222  \0$aQuantum$b(Qualify)
=245  00$aQuantum.
=263  \\$a202304
=264  \1$aBirmingham :$bTime Bomb Comics Ltd
=310  \\$aBimonthly
=336  \\$atext$2rdacontent
=337  \\$aunmediated$2rdamedia
=338  \\$avolume$2rdacarrier
=985  \\$aLDO SERIALS - PLEASE PASS ALL ITEMS RECEIVED TO ISSN UK CENTRE.
=CAT  \\$a10806$b40$c20230104$lBLL01$h1231
=FMT  \\$a  SE
=LAS  \\$a10806$b40$c20230104$lBLL01$h1231
=LET  \0$aQuantum (Print)

