=LDR  00801nas a22002538i 4500
=001  020851731
=003  Uk
=005  20230105102545.0
=007  ta
=008  230105c20239999enkqr\p\\\\\\\0\\\a0eng\\
=022  0\$a2976-5439$202
=040  \\$aUk$beng$cUk$erda
=222  \0$aImagine bumper special
=245  00$aImagine bumper special.
=263  \\$a202303
=264  \1$aBristol :$bKennedy Publishing
=336  \\$aQuarterly$2rdacontent
=337  \\$aunmediated$2rdamedia
=338  \\$avolume$2rdacarrier
=985  \\$aISSN UK Centre: special quarterly edition related to 'Imagine' ISSN 2634-5323, please link as necessary.
=985  \\$aLDO SERIALS - PLEASE PASS ALL ITEMS RECEIVED TO ISSN UK CENTRE.
=CAT  \\$a10973$b40$c20230105$lBLL01$h1025
=FMT  \\$a  SE
=LAS  \\$a10973$b40$c20230105$lBLL01$h1025

