=LDR  00789nas a22002538i 4500
=001  020851765
=003  Uk
=005  20230105113706.0
=007  ta
=008  230105c20239999enkmr\p\\\\\\\0\\\a0eng\\
=022  0\$a2976-5447$202
=040  \\$aUk$beng$cUk$erda
=222  \0$aStar Trek The Next Generation Build the U.S.S. Enterprise NXX-1701-D
=245  00$aStar Trek The Next Generation Build the U.S.S. Enterprise NXX-1701-D.
=263  \\$a202301
=264  \1$aLondon :$bDeAgostini UK Ltd
=310  \\$aMonthly
=336  \\$atext$2rdacontent
=337  \\$aunmediated$2rdamedia
=338  \\$avolume$2rdacarrier
=985  \\$aLDO SERIALS - PLEASE PASS ALL ITEMS RECEIVED TO ISSN UK CENTRE.
=CAT  \\$a10973$b40$c20230105$lBLL01$h1137
=FMT  \\$a  SE
=LAS  \\$a10973$b40$c20230105$lBLL01$h1137

