=LDR  00702nas a22002538i 4500
=001  020858222
=003  Uk
=005  20230110083509.0
=007  ta
=008  230110c20239999enkar\\\\\\\\\0\\\a0eng\\
=022  0\$a2753-4227$202
=040  \\$aUk$beng$cUk$erda
=222  \0$aArup university yearbook
=245  00$aArup university yearbook.
=263  \\$a202301
=264  \1$aLondon :$bOve Arup & Partners
=310  \\$aAnnual
=336  \\$atext$2rdacontent
=337  \\$aunmediated$2rdamedia
=338  \\$avolume$2rdacarrier
=985  \\$aLDO SERIALS - PLEASE PASS ALL ITEMS RECEIVED TO ISSN UK CENTRE.
=CAT  \\$a10806$b40$c20230110$lBLL01$h0835
=FMT  \\$a  SE
=LAS  \\$a10806$b40$c20230110$lBLL01$h0835

