=LDR  00927nas a22002898i 4500
=001  020865047
=003  Uk
=005  20230113084239.0
=007  ta
=008  230113c20239999enkqr\g\\\\\\\0\\\a0eng\\
=022  0\$a2753-4278$202
=040  \\$aUk$beng$cUk$erda
=222  \0$aFrond & feather journal$b(Print)
=245  00$aFrond & feather journal.
=263  \\$a202302
=264  \1$aMytholmroyd :$bS. Soltanowicz
=310  \\$aQuarterly
=336  \\$atext$2rdacontent
=337  \\$aunmediated$2rdamedia
=338  \\$avolume$2rdacarrier
=776  08$iAlso issued online as:$tFrond & feather journal$x2753-4286
=985  \\$aC/T from ISSN 2753-4510 Frond & feather magazine. Please link on completion
=985  \\$aLDO SERIALS - PLEASE PASS ALL ITEMS RECEIVED TO ISSN UK CENTRE.
=CAT  \\$a10806$b40$c20230113$lBLL01$h0842
=FMT  \\$a  SE
=LAS  \\$a10806$b40$c20230113$lBLL01$h0842
=LET  \0$aFrond & feather journal (Print)

