=LDR  00679nas a22002538i 4500
=001  020865151
=003  Uk
=005  20230113123721.0
=007  ta
=008  230113c20239999enkar\p\\\\\\\0\\\a0eng\\
=022  0\$a2976-551X$202
=040  \\$aUk$beng$cUk$erda
=222  \4$aThe more you know
=245  04$aThe more you know.
=263  \\$a202302
=264  \1$aLondon :$bA. Bankole
=310  \\$aAnnual
=336  \\$atext$2rdacontent
=337  \\$aunmediated$2rdamedia
=338  \\$avolume$2rdacarrier
=985  \\$aLDO SERIALS - PLEASE PASS ALL ITEMS RECEIVED TO ISSN UK CENTRE.
=CAT  \\$a10973$b40$c20230113$lBLL01$h1237
=FMT  \\$a  SE
=LAS  \\$a10973$b40$c20230113$lBLL01$h1237

