=LDR  01231cas a22003018i 4500
=001  020865204
=003  Uk
=005  20230427073243.0
=007  ta
=008  230113c20239999enk\x\m\\\\\\\0\\\a0eng\\
=022  0\$a2976-5528$202
=040  \\$aUk$beng$cUk$erda
=222  \0$aElements in politics and society from Central Europe to Central Asia$b(Print)
=245  00$aElements in politics and society from Central Europe to Central Asia.
=263  \\$a202308
=264  \1$aCambridge :$bCambridge University Press
=310  \\$aIrregular
=336  \\$atext$2rdacontent
=337  \\$aunmediated$2rdamedia
=338  \\$avolume$2rdacarrier
=776  08$iAlso issued online as:$tElements in politics and society from Central Europe to Central Asia$x2976-5536
=985  \\$aISSN UK Centre: title changed in advance of publication from: Elements in Eastern European and Eurasian politics (request received 24/4/23).
=985  \\$aLDO SERIALS - PLEASE PASS ALL ITEMS RECEIVED TO ISSN UK CENTRE.
=CAT  \\$a10973$b40$c20230113$lBLL01$h1357
=CAT  \\$a10973$b40$c20230427$lBLL01$h0732
=FMT  \\$a  SE
=LAS  \\$a10973$b40$c20230427$lBLL01$h0732
=LET  \0$aElements in politics and society from Central Europe to Central Asia (Print)

