=LDR  00767nas a22002658i 4500
=001  020872380
=003  Uk
=005  20230118111718.0
=007  ta
=008  230118c20239999enkqr\g\\\\\\\0\\\a0eng\\
=022  0\$a2753-3700$202
=040  \\$aUk$beng$cUk$erda
=222  \0$aYet another puzzle magazine
=245  00$aYet another puzzle magazine.
=263  \\$a202303
=264  \1$aWhitstable :$bPWA International Ltd
=310  \\$aQuarterly
=336  \\$atext$2rdacontent
=337  \\$aunmediated$2rdamedia
=338  \\$avolume$2rdacarrier
=985  \\$aLDO SERIALS - PLEASE PASS ALL ITEMS RECEIVED TO ISSN UK CENTRE.
=CAT  \\$a7152$b40$c20230118$lBLL01$h1117
=FMT  \\$a  SE
=LAS  \\$a7152$b40$c20230118$lBLL01$h1117
=LET  \0$aYet another puzzle magazine (Print)

