=LDR  00913nas a22002778i 4500
=001  020879117
=003  Uk
=005  20230119105835.0
=007  ta
=008  230119c20249999enk\x\m\\\\\\\0\\\a0eng\\
=022  0\$a2753-3719$202
=040  \\$aUk$beng$cUk$erda
=222  \0$aElements in language contact$b(Print)
=245  00$aElements in language contact.
=263  \\$a202406
=264  \1$aCambridge :$bCambridge University Press
=336  \\$atext$2rdacontent
=337  \\$aunmediated$2rdamedia
=338  \\$avolume$2rdacarrier
=776  08$iAlso issued online as:$tElements in language contact$x2753-3727
=985  \\$aISSN requested as 'Cambridge elements in language contact'.
=985  \\$aLDO SERIALS - PLEASE PASS ALL ITEMS RECEIVED TO ISSN UK CENTRE.
=CAT  \\$a7152$b40$c20230119$lBLL01$h1058
=FMT  \\$a  SE
=LAS  \\$a7152$b40$c20230119$lBLL01$h1058
=LET  \0$aElements in language contact (Print)

