=LDR  01024nas a22002778i 4500
=001  020934264
=003  Uk
=005  20230125140756.0
=007  ta
=008  230125c20239999enkqr\g\\\\\\\0\\\a0eng\\
=022  0\$a2753-376X$202
=040  \\$aUk$beng$cUk$erda
=222  \0$aYet another crisscross collection
=245  00$aYet another crisscross collection.
=263  \\$a202303
=264  \1$aKent :$bPWA International Ltd
=310  \\$aQuarterly
=336  \\$atext$2rdacontent
=337  \\$aunmediated$2rdamedia
=338  \\$avolume$2rdacarrier
=985  \\$aISSN requested as 'Yet another crisscross magazine collection', but publisher confirmed that 'magazine' will not be part of title. Related title 'Yet another crisscross' ISSN 2632-1602 will continue to be published. ISSN UK, SB.
=985  \\$aLDO SERIALS - PLEASE PASS ALL ITEMS RECEIVED TO ISSN UK CENTRE.
=CAT  \\$a7152$b40$c20230125$lBLL01$h1407
=FMT  \\$a  SE
=LAS  \\$a7152$b40$c20230125$lBLL01$h1407
=LET  \0$aYet another crisscross collection (Print)

