=LDR  00854nas a22002658i 4500
=001  020935515
=003  Uk
=005  20230126134711.0
=007  ta
=008  230126c20249999enk\x\m\\\\\\\0\\\a0eng\\
=022  0\$a2976-5617$202
=040  \\$aUk$beng$cUk$erda
=222  \0$aElements in Chinese economy and governance$b(Print)
=245  00$aElements in Chinese economy and governance.
=263  \\$a202403
=264  \1$aCambridge :$bCambridge University Press
=310  \\$aIrregular
=336  \\$atext$2rdacontent
=337  \\$aunmediated$2rdamedia
=338  \\$avolume$2rdacarrier
=776  08$iAlso issued online as:$tElements in Chinese economy and governance$x2976-5625
=985  \\$aLDO SERIALS - PLEASE PASS ALL ITEMS RECEIVED TO ISSN UK CENTRE.
=CAT  \\$a10973$b40$c20230126$lBLL01$h1347
=FMT  \\$a  SE
=LAS  \\$a10973$b40$c20230126$lBLL01$h1347

