=LDR  00827nas a22002778i 4500
=001  020935530
=003  Uk
=005  20230126135848.0
=007  ta
=008  230126c20249999enkfr\p\\\\\\\0\\\a0eng\\
=022  0\$a2976-5633$202
=040  \\$aUk$beng$cUk$erda
=222  \0$aJournal of Gulf studies$b(Print)
=245  00$aJournal of Gulf studies.
=263  \\$a202401
=264  \1$aBristol :$bIntellect
=310  \\$aSemiannual
=336  \\$atext$2rdacontent
=337  \\$aunmediated$2rdamedia
=338  \\$avolume$2rdacarrier
=776  08$iAlso issued online as:$tJournal of Gulf studies$x2976-5641
=985  \\$aLDO SERIALS - PLEASE PASS ALL ITEMS RECEIVED TO ISSN UK CENTRE.
=CAT  \\$a10973$b40$c20230126$lBLL01$h1358
=FMT  \\$a  SE
=LAS  \\$a10973$b40$c20230126$lBLL01$h1358
=LET  \0$aJournal of Gulf studies (Print)

