=LDR  00905nas a22002658i 4500
=001  020935723
=003  Uk
=005  20230127080343.0
=007  ta
=008  230127c20239999enk\x\m\\\\\\\0\\\a0eng\\
=022  0\$a2976-5676$202
=040  \\$aUk$beng$cUk$erda
=222  \0$aElements in the philosophy of Georg Wilhelm Friedrich Hegel$b(Print)
=245  00$aElements in the philosophy of Georg Wilhelm Friedrich Hegel.
=263  \\$a202305
=264  \1$aCambridge :$bCambridge University Press
=310  \\$aIrregular
=336  \\$atext$2rdacontent
=337  \\$aunmediated$2rdamedia
=338  \\$avolume$2rdacarrier
=776  08$iAlso issued online as:$tElements in the philosophy of Georg Wilhelm Friedrich Hegel$x2976-5684
=985  \\$aLDO SERIALS - PLEASE PASS ALL ITEMS RECEIVED TO ISSN UK CENTRE.
=CAT  \\$a10973$b40$c20230127$lBLL01$h0803
=FMT  \\$a  SE
=LAS  \\$a10973$b40$c20230127$lBLL01$h0803

