=LDR  00921nas a22002778i 4500
=001  020935725
=003  Uk
=005  20230127081305.0
=007  ta
=008  230127c20239999enk\x\m\\\\\\\0\\\a0eng\\
=022  0\$a2976-5692$202
=040  \\$aUk$beng$cUk$erda
=222  \0$aCambridge elements in political philosophy$b(Print)
=245  00$aCambridge elements in political philosophy.
=263  \\$a202305
=264  \1$aCambridge :$bCambridge University Press
=310  \\$aIrregular
=336  \\$atext$2rdacontent
=337  \\$aunmediated$2rdamedia
=338  \\$avolume$2rdacarrier
=776  08$iAlso issued online as:$tCambridge elements in political philosophy$x2976-5706
=985  \\$aLDO SERIALS - PLEASE PASS ALL ITEMS RECEIVED TO ISSN UK CENTRE.
=CAT  \\$a10973$b40$c20230127$lBLL01$h0813
=FMT  \\$a  SE
=LAS  \\$a10973$b40$c20230127$lBLL01$h0813
=LET  \0$aCambridge elements in political philosophy (Print)

