=LDR  01178nas a22003138i 4500
=001  020945911
=003  Uk
=005  20230202123411.0
=007  ta
=008  230202c20239999enkwr\p\\\\\\\0\\\a0eng\\
=022  0\$a2976-5765$202
=040  \\$aUk$beng$cUk$erda
=222  \0$aFast & furious$b(Qualify)
=245  00$aFast & furious.
=246  3\$aFast and furious
=246  3\$aFast & furious die cast 1:43
=246  3\$aFast & Furious collect the most iconic cars from the legendary movie series
=263  \\$a202305
=264  \1$aLondon :$bDe Agostini UK Ltd
=310  \\$aWeekly
=336  \\$atext$2rdacontent
=337  \\$aunmediated$2rdamedia
=338  \\$avolume$2rdacarrier
=985  \\$aISSN UK Centre: Publisher confirms this is not the same as ISSN 2631-9799. "This is not a re-launch of "build the legendary Dodge Charger R/T" but "Fast & Furious Die Cast 1:43" (these are miniatures instead of a build up)." Email 1/2/23 DLW.
=985  \\$aLDO SERIALS - PLEASE PASS ALL ITEMS RECEIVED TO ISSN UK CENTRE.
=CAT  \\$a10973$b40$c20230202$lBLL01$h1228
=CAT  \\$a10973$b40$c20230202$lBLL01$h1234
=FMT  \\$a  SE
=LAS  \\$a10973$b40$c20230202$lBLL01$h1234

