=LDR  00664nas a22002538i 4500
=001  020946127
=003  Uk
=005  20230202160201.0
=007  ta
=008  230202c20239999enkar\p\\\\\\\0\\\a0eng\\
=022  0\$a2976-5773$202
=040  \\$aUk$beng$cUk$erda
=222  \0$aDitto$b(Qualify)
=245  00$aDitto.
=263  \\$a202302
=264  \1$aLondon :$bM. Liang
=310  \\$aAnnual
=336  \\$atext$2rdacontent
=337  \\$aunmediated$2rdamedia
=338  \\$avolume$2rdacarrier
=985  \\$aLDO SERIALS - PLEASE PASS ALL ITEMS RECEIVED TO ISSN UK CENTRE.
=CAT  \\$a10973$b40$c20230202$lBLL01$h1602
=FMT  \\$a  SE
=LAS  \\$a10973$b40$c20230202$lBLL01$h1602

