=LDR  00697nas a22002538i 4500
=001  020946458
=003  Uk
=005  20230203122417.0
=007  ta
=008  230203c20239999enker\p\\\\\\\0\\\a0eng\\
=022  0\$a2976-5781$202
=040  \\$aUk$beng$cUk$erda
=222  \0$aTrinity times$b(Qualify)
=245  00$aTrinity times.
=263  \\$a202303
=264  \1$aWakefield :$bWakefield Trinity
=310  \\$aFortnightly
=336  \\$atext$2rdacontent
=337  \\$aunmediated$2rdamedia
=338  \\$avolume$2rdacarrier
=985  \\$aLDO SERIALS - PLEASE PASS ALL ITEMS RECEIVED TO ISSN UK CENTRE.
=CAT  \\$a10973$b40$c20230203$lBLL01$h1224
=FMT  \\$a  SE
=LAS  \\$a10973$b40$c20230203$lBLL01$h1224

