=LDR  00711nas a22002538i 4500
=001  020946490
=003  Uk
=005  20230203141031.0
=007  ta
=008  230203c20239999enkwr\p\\\\\\\0\\\a0eng\\
=022  0\$a2976-5811$202
=040  \\$aUk$beng$cUk$erda
=222  \0$aBuild the Ford Falcon XB GT
=245  00$aBuild the Ford Falcon XB GT.
=263  \\$a202304
=264  \1$aLondon :$bHachette Partworks Ltd
=310  \\$aWeekly
=336  \\$atext$2rdacontent
=337  \\$aunmediated$2rdamedia
=338  \\$avolume$2rdacarrier
=985  \\$aLDO SERIALS - PLEASE PASS ALL ITEMS RECEIVED TO ISSN UK CENTRE.
=CAT  \\$a10973$b40$c20230203$lBLL01$h1410
=FMT  \\$a  SE
=LAS  \\$a10973$b40$c20230203$lBLL01$h1410

