=LDR  00704nas a22002538i 4500
=001  020946546
=003  Uk
=005  20230203153259.0
=007  ta
=008  230203c20239999enkmr\p\\\\\\\0\\\a0eng\\
=022  0\$a2976-582X$202
=040  \\$aUk$beng$cUk$erda
=222  \4$aThe essential series$b(Qualify)
=245  04$aThe essential series.
=263  \\$a202303
=264  \1$aLondon :$bFuture Publishing
=310  \\$aMonthly
=336  \\$atext$2rdacontent
=337  \\$aunmediated$2rdamedia
=338  \\$avolume$2rdacarrier
=985  \\$aLDO SERIALS - PLEASE PASS ALL ITEMS RECEIVED TO ISSN UK CENTRE.
=CAT  \\$a10973$b40$c20230203$lBLL01$h1532
=FMT  \\$a  SE
=LAS  \\$a10973$b40$c20230203$lBLL01$h1532

