=LDR  01070nas a22002898i 4500
=001  020954226
=003  Uk
=005  20230210091007.0
=007  ta
=008  230209c20239999stker\j\\\\\\\0\\\a0eng\\
=022  0\$a2755-3582$202
=040  \\$aUk$beng$cUk$erda
=222  \0$aAfrican development policy and practice insights$b(Print)
=245  00$aAfrican development policy and practice insights.
=263  \\$a202303
=264  \1$aPaisley :$bCentre for African Research on Enterprise and Economic Development, University of the West of Scotland
=310  \\$aFortnightly
=336  \\$atext$2rdacontent
=337  \\$aunmediated$2rdamedia
=338  \\$avolume$2rdacarrier
=776  08$iAlso issued online as:$tAfrican development policy and practice insights$x2755-3590
=985  \\$aLDO SERIALS - PLEASE PASS ALL ITEMS RECEIVED TO ISSN UK CENTRE.
=CAT  \\$a11313$b40$c20230209$lBLL01$h1145
=CAT  \\$a11313$b40$c20230210$lBLL01$h0910
=FMT  \\$a  SE
=LAS  \\$a11313$b40$c20230210$lBLL01$h0910
=LET  \0$aAfrican development policy and practice insights (Print)

