=LDR  00703nas a22002658i 4500
=001  020954417
=003  Uk
=005  20230209161517.0
=007  ta
=008  230209c20239999enkbr\p\\\\\\\0\\\a0eng\\
=022  0\$a2976-5900$202
=040  \\$aUk$beng$cUk$erda
=222  \4$aThe MoliNews
=245  04$aThe MoliNews.
=246  3\$aMoli news
=263  \\$a202303
=264  \1$aWolverhampton :$bN. Allen
=310  \\$aBimonthly
=336  \\$atext$2rdacontent
=337  \\$aunmediated$2rdamedia
=338  \\$avolume$2rdacarrier
=985  \\$aLDO SERIALS - PLEASE PASS ALL ITEMS RECEIVED TO ISSN UK CENTRE.
=CAT  \\$a10973$b40$c20230209$lBLL01$h1615
=FMT  \\$a  SE
=LAS  \\$a10973$b40$c20230209$lBLL01$h1615

