=LDR  01269nas a22003498i 4500
=001  020954432
=003  Uk
=005  20230209170005.0
=007  ta
=008  230209c20219999enkbr\g\\\\\\\0\\\a0eng\\
=022  0\$a2976-5919$202
=040  \\$aUk$beng$cUk$erda
=222  \0$aAwesome earthmovers$b(Print)
=245  00$aAwesome earthmovers.
=246  13$aAE
=263  \\$a202303
=264  \1$aTaunton :$bAE Publications Ltd
=310  \\$aBimonthly
=336  \\$atext$2rdacontent
=337  \\$aunmediated$2rdamedia
=338  \\$avolume$2rdacarrier
=985  \\$aISSN UK Centre: see also online format version. ISSN 2976-5927. Please add 776 to both records on completion.
=985  \\$aISSN UK Centre: ISSN requested urgently, (not clear from request if first print issue is due 2023 or if it's already in existence - online version began in 2021).
=985  \\$aLDO SERIALS - PLEASE PASS ALL ITEMS RECEIVED TO ISSN UK CENTRE.
=CAT  \\$a10973$b40$c20230209$lBLL01$h1648
=CAT  \\$a10973$b40$c20230209$lBLL01$h1650
=CAT  \\$a10973$b40$c20230209$lBLL01$h1650
=CAT  \\$a10973$b40$c20230209$lBLL01$h1656
=CAT  \\$a10973$b40$c20230209$lBLL01$h1700
=FMT  \\$a  SE
=LAS  \\$a10973$b40$c20230209$lBLL01$h1700
=LET  \0$aAwesome earthmovers (Print)

