=LDR  01051nas a22002898i 4500
=001  020954778
=003  Uk
=005  20230210080015.0
=007  ta
=008  230210d19271927enkar\j\\\\\\\0\\\a0eng\\
=022  0\$a2976-6931$202
=040  \\$aUk$beng$cUk$erda
=222  \4$aThe Institution of Aeronautical Engineers journal$b(Print)
=245  04$aThe Institution of Aeronautical Engineers journal.
=263  \\$a202306
=264  \1$aLondon :$bInstitution of Aeronautical Engineers
=310  \\$aAnnual
=336  \\$atext$2rdacontent
=337  \\$aunmediated$2rdamedia
=338  \\$avolume$2rdacarrier
=776  08$iAlso issued online as:$tInstitution of Aeronautical Engineers journal$x2976-694X
=985  \\$aLDO SERIALS - PLEASE PASS ALL ITEMS RECEIVED TO ISSN UK CENTRE.
=985  \\$aMerge with 12095336 & 10485615 on completion. Completion based on digitised version?
=CAT  \\$a10806$b40$c20230210$lBLL01$h0800
=FMT  \\$a  SE
=LAS  \\$a10806$b40$c20230210$lBLL01$h0800
=LET  \4$aThe Institution of Aeronautical Engineers journal (Print)

