=LDR  01265nas a22002898i 4500
=001  020954812
=003  Uk
=005  20230210090410.0
=007  ta
=008  230210c20239999stkar\p\\\\\\\0\\\a0eng\\
=022  0\$a2755-3604$202
=040  \\$aUk$beng$cUk$erda
=222  \0$aCentre for African Research on Enterprise and Economic Development (CAREED) conference proceedings$b(Print)
=245  00$aCentre for African Research on Enterprise and Economic Development (CAREED) conference proceedings.
=263  \\$a202306
=264  \1$aPaisley :$bCentre for African Research on Enterprise and Economic Development, University of the West of Scotland
=310  \\$aAnnual
=336  \\$atext$2rdacontent
=337  \\$aunmediated$2rdamedia
=338  \\$avolume$2rdacarrier
=776  08$iAlso issued online as:$tCentre for African Research on Enterprise and Economic Development (CAREED) conference proceedings$x2755-3612
=985  \\$aLDO SERIALS - PLEASE PASS ALL ITEMS RECEIVED TO ISSN UK CENTRE.
=CAT  \\$a11313$b40$c20230210$lBLL01$h0901
=CAT  \\$a11313$b40$c20230210$lBLL01$h0904
=FMT  \\$a  SE
=LAS  \\$a11313$b40$c20230210$lBLL01$h0904
=LET  \0$aCentre for African Research on Enterprise and Economic Development (CAREED) conference proceedings (Print)

