=LDR  00927nas a22002778i 4500
=001  020954839
=003  Uk
=005  20230210104113.0
=007  ta
=008  230210c20239999stker\j\\\\\\\0\\\a0eng\\
=022  0\$a2755-3620$202
=040  \\$aUk$beng$cUk$erda
=222  \0$aAcademy for African Studies policy insights$b(Print)
=245  00$aAcademy for African Studies policy insights.
=263  \\$a202304
=264  \1$aHamilton :$bAcademy for African Studies
=310  \\$aFortnightly
=336  \\$atext$2rdacontent
=337  \\$aunmediated$2rdamedia
=338  \\$avolume$2rdacarrier
=776  08$iAlso issued online as:$tAcademy for African Studies policy insights$x2755-3639
=985  \\$aLDO SERIALS - PLEASE PASS ALL ITEMS RECEIVED TO ISSN UK CENTRE.
=CAT  \\$a11313$b40$c20230210$lBLL01$h1041
=FMT  \\$a  SE
=LAS  \\$a11313$b40$c20230210$lBLL01$h1041
=LET  \0$aAcademy for African Studies policy insights (Print)

