=LDR  00686nas a22002538i 4500
=001  020955211
=003  Uk
=005  20230210132418.0
=007  ta
=008  230210c20239999enkar\p\\\\\\\0\\\a0eng\\
=022  0\$a2976-5943$202
=040  \\$aUk$beng$cUk$erda
=222  \0$aCasting for stories
=245  00$aCasting for stories.
=263  \\$a202304
=264  \1$aHoxne :$bS. Attenborrow
=310  \\$aAnnual
=336  \\$atext$2rdacontent
=337  \\$aunmediated$2rdamedia
=338  \\$avolume$2rdacarrier
=985  \\$aLDO SERIALS - PLEASE PASS ALL ITEMS RECEIVED TO ISSN UK CENTRE.
=CAT  \\$a10973$b40$c20230210$lBLL01$h1324
=FMT  \\$a  SE
=LAS  \\$a10973$b40$c20230210$lBLL01$h1324

