=LDR  00864nas a22002778i 4500
=001  020955217
=003  Uk
=005  20230210133741.0
=007  ta
=008  230210c20239999enkfr\p\\\\\\\0\\\a0eng\\
=022  0\$a2976-5951$202
=040  \\$aUk$beng$cUk$erda
=222  \0$aJournal of global health law$b(Print)
=245  00$aJournal of global health law.
=263  \\$a202305
=264  \1$aCheltenham :$bEdward Elgar Publishing
=310  \\$aSemiannual
=336  \\$atext$2rdacontent
=337  \\$aunmediated$2rdamedia
=338  \\$avolume$2rdacarrier
=776  08$iAlso issued online as:$tJournal of global health law$x2976-596X
=985  \\$aLDO SERIALS - PLEASE PASS ALL ITEMS RECEIVED TO ISSN UK CENTRE.
=CAT  \\$a10973$b40$c20230210$lBLL01$h1337
=FMT  \\$a  SE
=LAS  \\$a10973$b40$c20230210$lBLL01$h1337
=LET  \0$aJournal of global health law (Print)

