=LDR  00945nas a22002778i 4500
=001  020955305
=003  Uk
=005  20230210165220.0
=007  ta
=008  230210c20249999enk\x\m\\\\\\\0\\\a0eng\\
=022  0\$a2976-5986$202
=040  \\$aUk$beng$cUk$erda
=222  \0$aCambridge elements in critical discourse studies$b(Print)
=245  00$aCambridge elements in critical discourse studies.
=263  \\$a202406
=264  \1$aCambridge :$bCambridge University Press
=310  \\$aIrregular
=336  \\$atext$2rdacontent
=337  \\$aunmediated$2rdamedia
=338  \\$avolume$2rdacarrier
=776  08$iAlso issued online as:$tCambridge elements in critical discourse studies$x2976-5994
=985  \\$aLDO SERIALS - PLEASE PASS ALL ITEMS RECEIVED TO ISSN UK CENTRE.
=CAT  \\$a10973$b40$c20230210$lBLL01$h1652
=FMT  \\$a  SE
=LAS  \\$a10973$b40$c20230210$lBLL01$h1652
=LET  \0$aCambridge elements in critical discourse studies (Print)

