=LDR  00705nas a22002538i 4500
=001  020960236
=003  Uk
=005  20230216104946.0
=007  ta
=008  230216c20239999enkmr\p\\\\\\\0\\\a0eng\\
=022  0\$a2976-6036$202
=040  \\$aUk$beng$cUk$erda
=222  \2$aL'officiel United Kingdom
=245  02$aL'officiel United Kingdom.
=263  \\$a202304
=264  \1$aLuton :$bOne World Vision Ltd
=310  \\$aMonthly
=336  \\$atext$2rdacontent
=337  \\$aunmediated$2rdamedia
=338  \\$avolume$2rdacarrier
=985  \\$aLDO SERIALS - PLEASE PASS ALL ITEMS RECEIVED TO ISSN UK CENTRE.
=CAT  \\$a10973$b40$c20230216$lBLL01$h1049
=FMT  \\$a  SE
=LAS  \\$a10973$b40$c20230216$lBLL01$h1049

