=LDR  01194cas a22003378i 4500
=001  020968794
=003  Uk
=005  20230630094901.0
=007  ta
=008  230222c20239999enkfr\p\\\\\\\0\\\a0eng\\
=022  0\$a2753-3808$202
=040  \\$aUk$beng$cUk$erda
=222  \0$aBPS branch awards$b(Print)
=245  00$aBPS branch awards.
=246  3\$aBritish Psychological Society branch awards
=263  \\$a202307
=264  \1$aLeicester :$bThe British Psychological Society
=310  \\$aTwo issues yearly
=336  \\$atext$2rdacontent
=337  \\$aunmediated$2rdamedia
=338  \\$avolume$2rdacarrier
=776  08$iAlso issued online as:$tBPS branch awards$x2753-3816
=985  \\$aLDO SERIALS - PLEASE PASS ALL ITEMS RECEIVED TO ISSN UK CENTRE.
=985  \\$aPlease make 7xxlink to online format ISSN 2753-3816, when completing print.
=985  \\$aPrint will be fully formatted POD in response to customer requests. SB, ISSN UK Centre, 22.2.23
=CAT  \\$a7152$b40$c20230222$lBLL01$h1013
=CAT  \\$a7152$b40$c20230222$lBLL01$h1017
=CAT  \\$a7152$b40$c20230630$lBLL01$h0949
=FMT  \\$a  SE
=LAS  \\$a7152$b40$c20230630$lBLL01$h0949
=LET  \0$aBPS branch awards (Print)

