=LDR  00870nas a22002778i 4500
=001  020968805
=003  Uk
=005  20230222105645.0
=007  ta
=008  230222c20239999stkfr\p\\\\\\\0\\\a0eng\\
=022  0\$a2976-6052$202
=040  \\$aUk$beng$cUk$erda
=222  \2$aA chapbook by Matters of Consent$b(Print)
=245  02$aA chapbook by Matters of Consent.
=263  \\$a202302
=264  \1$aGlasgow :$bMatters of Consent
=310  \\$aSemiannual
=336  \\$atext$2rdacontent
=337  \\$aunmediated$2rdamedia
=338  \\$avolume$2rdacarrier
=776  08$iAlso issued online as:$tChapbook by Matters of Consent$x2976-6060
=985  \\$aLDO SERIALS - PLEASE PASS ALL ITEMS RECEIVED TO ISSN UK CENTRE.
=CAT  \\$a10973$b40$c20230222$lBLL01$h1056
=FMT  \\$a  SE
=LAS  \\$a10973$b40$c20230222$lBLL01$h1056
=LET  \2$aA chapbook by Matters of Consent (Print)

