=LDR  00819nas a22002778i 4500
=001  020969678
=003  Uk
=005  20230223094209.0
=007  ta
=008  230223c20239999enkqr\p\\\\\\\0\\\a0eng\\
=022  0\$a2755-3671$202
=040  \\$aUk$beng$cUk$erda
=222  \0$aModern draughts and checkers
=245  00$aModern draughts and checkers.
=263  \\$a202306
=264  \1$aBamford :$bStrategy Games Limited
=310  \\$aQuarterly
=336  \\$atext$2rdacontent
=337  \\$aunmediated$2rdamedia
=338  \\$avolume$2rdacarrier
=985  \\$aLDO SERIALS - PLEASE PASS ALL ITEMS RECEIVED TO ISSN UK CENTRE.
=CAT  \\$a11313$b40$c20230223$lBLL01$h0941
=CAT  \\$a11313$b40$c20230223$lBLL01$h0942
=FMT  \\$a  SE
=LAS  \\$a11313$b40$c20230223$lBLL01$h0942
=LET  \0$aModern draughts and checkers (Print)

