=LDR  00823nas a22002658i 4500
=001  020970004
=003  Uk
=005  20230224090317.0
=007  ta
=008  230224c20239999enkfr\j\\\\\\\0\\\a0eng\\
=022  0\$a2755-3698$202
=040  \\$aUk$beng$cUk$erda
=222  \0$aAl-Qalam journal of advanced Islamic research
=245  00$aAl-Qalam journal of advanced Islamic research.
=263  \\$a202303
=264  \1$aStanmore :$bWorld Federation KSIMC
=310  \\$aSemiannual
=336  \\$atext$2rdacontent
=337  \\$aunmediated$2rdamedia
=338  \\$avolume$2rdacarrier
=985  \\$aLDO SERIALS - PLEASE PASS ALL ITEMS RECEIVED TO ISSN UK CENTRE.
=CAT  \\$a11313$b40$c20230224$lBLL01$h0903
=FMT  \\$a  SE
=LAS  \\$a11313$b40$c20230224$lBLL01$h0903
=LET  \0$aAl-Qalam journal of advanced Islamic research (Print)

