=LDR  01070cas a22003258i 4500
=001  020970084
=003  Uk
=005  20230930122719.0
=007  ta
=008  230224c20239999enkqr\p\\\\\\\0\\\a0eng\\
=022  0\$a2976-6079$202
=040  \\$aUk$beng$cUk$erda
=222  \0$aHeritage Land Rover$b(Print)
=245  00$aHeritage Land Rover.
=263  \\$a202306
=264  \1$aBurton on Trent :$bAssignment Media Ltd
=310  \\$aQuarterly
=336  \\$atext$2rdacontent
=337  \\$aunmediated$2rdamedia
=338  \\$avolume$2rdacarrier
=540  \\$aCurrent Copyright Fee: GBP25.00$c0$5Uk
=776  08$iAlso issued online as:$tHeritage Land Rover$x2976-6087
=985  \\$aLDO SERIALS - PLEASE PASS ALL ITEMS RECEIVED TO ISSN UK CENTRE.
=CAT  \\$a10973$b40$c20230224$lBLL01$h1404
=CAT  \\$aBATCH-CLA$b00$c20230906$lBLL01$h1740
=CAT  \\$aIPL-CLA$c20230930$lBLL01$h1227
=CFI  0\$aCurrent Copyright Fee: GBP25.00$c0$e01-oct-2023$fGBP25.00$g0$hC$5Uk
=FMT  \\$a  SE
=LAS  \\$aIPL-CLA$b00$c20230930$lBLL01$h1227
=LET  \0$aHeritage Land Rover (Print)

