=LDR  00674nas a22002538i 4500
=001  020970199
=003  Uk
=005  20230224163857.0
=007  ta
=008  230224c20239999enkfr\p\\\\\\\0\\\a0eng\\
=022  0\$a2976-6095$202
=040  \\$aUk$beng$cUk$erda
=222  \0$aRoster$b(Qualify)
=245  00$aRoster.
=263  \\$a202303
=264  \1$aLondon :$bZ Guttenplan
=310  \\$aSemiannual
=336  \\$atext$2rdacontent
=337  \\$aunmediated$2rdamedia
=338  \\$avolume$2rdacarrier
=985  \\$aLDO SERIALS - PLEASE PASS ALL ITEMS RECEIVED TO ISSN UK CENTRE.
=CAT  \\$a10973$b40$c20230224$lBLL01$h1638
=FMT  \\$a  SE
=LAS  \\$a10973$b40$c20230224$lBLL01$h1638

