=LDR  00883nas a22002778i 4500
=001  020970827
=003  Uk
=005  20230227080552.0
=007  ta
=008  230227c20239999enkwr\\\\\\\\\0\\\a0eng\\
=022  0\$a2976-6990$202
=040  \\$aUk$beng$cUk$erda
=222  \0$aStar Wars Millennium Falcon
=245  00$aStar Wars Millennium Falcon.
=263  \\$a202308
=264  \1$aLondon :$bDe Agostini UK Ltd
=310  \\$aWeekly
=336  \\$atext$2rdacontent
=337  \\$aunmediated$2rdamedia
=338  \\$avolume$2rdacarrier
=985  \\$aLDO SERIALS - PLEASE PASS ALL ITEMS RECEIVED TO ISSN UK CENTRE.
=985  \\$aISSN UK note: revised content to ISSN 2054-5800 Star Wars build the Millennium Falcon - ISSN application form.
=CAT  \\$a10806$b40$c20230227$lBLL01$h0804
=CAT  \\$a10806$b40$c20230227$lBLL01$h0805
=FMT  \\$a  SE
=LAS  \\$a10806$b40$c20230227$lBLL01$h0805

