=LDR  00714nas a22002658i 4500
=001  020974796
=003  Uk
=005  20230301104557.0
=007  ta
=008  230301c20239999enkmr\g\\\\\\\0\\\a0eng\\
=022  0\$a2976-7008$202
=040  \\$aUk$beng$cUk$erda
=222  \0$aFormer ghost
=245  00$aFormer ghost.
=263  \\$a202303
=264  \1$aManchester :$bMichael Clark
=310  \\$aMonthly
=336  \\$atext$2rdacontent
=337  \\$aunmediated$2rdamedia
=338  \\$avolume$2rdacarrier
=985  \\$aLDO SERIALS - PLEASE PASS ALL ITEMS RECEIVED TO ISSN UK CENTRE.
=CAT  \\$a10806$b40$c20230301$lBLL01$h1045
=FMT  \\$a  SE
=LAS  \\$a10806$b40$c20230301$lBLL01$h1045
=LET  \0$aFormer ghost (Print)

