=LDR  00698nas a22002658i 4500
=001  020974805
=003  Uk
=005  20230301110502.0
=007  ta
=008  230301c20239999enkfr\p\\\\\\\0\\\a0eng\\
=022  0\$a2753-3824$202
=040  \\$aUk$beng$cUk$erda
=222  \0$aPina
=245  00$aPina.
=263  \\$a202309
=264  \1$aLondon :$bPina Magazine Ltd
=310  \\$aTwo issues yearly
=336  \\$atext$2rdacontent
=337  \\$aunmediated$2rdamedia
=338  \\$avolume$2rdacarrier
=985  \\$aLDO SERIALS - PLEASE PASS ALL ITEMS RECEIVED TO ISSN UK CENTRE.
=CAT  \\$a7152$b40$c20230301$lBLL01$h1105
=FMT  \\$a  SE
=LAS  \\$a7152$b40$c20230301$lBLL01$h1105
=LET  \0$aPina (Print)

