=LDR  01084nas a22002898i 4500
=001  020979865
=003  Uk
=005  20230302155058.0
=007  ta
=008  230302c20239999enkqr\p\\\\\\\0\\\a0eng\\
=022  0\$a2976-8012$202
=040  \\$aUk$beng$cUk$erda
=222  \4$aThe 3rd act
=245  04$aThe 3rd act.
=246  3\$aThird act
=263  \\$a202301
=264  \1$aLetchworth :$bPerry Curties Ltd
=310  \\$aQuarterly
=336  \\$atext$2rdacontent
=337  \\$aunmediated$2rdamedia
=338  \\$avolume$2rdacarrier
=985  \\$aLDO SERIALS - PLEASE PASS ALL ITEMS RECEIVED TO ISSN UK CENTRE.
=985  \\$aISSN UK Centre: queried if in existence as issue 1 appears to be available to purchase online - publisher reply 'The first issue was printed but only as a promotional tool, not for sale, so we used a dummy barcode. The next issue will be #2 and that is the first one which will be on sale' (email rec'd 2/3/23).
=CAT  \\$a10973$b40$c20230302$lBLL01$h1401
=CAT  \\$a10973$b40$c20230302$lBLL01$h1550
=FMT  \\$a  SE
=LAS  \\$a10973$b40$c20230302$lBLL01$h1550

