=LDR  00941nas a22002898i 4500
=001  020981816
=003  Uk
=005  20230306132025.0
=007  ta
=008  230306c20249999enkqr\j\\\\\\\0\\\a0eng\\
=022  0\$a2976-7016$202
=040  \\$aUk$beng$cUk$erda
=222  \0$aModern British history$b(Print)
=245  00$aModern British history.
=263  \\$a202403
=264  \1$aOxford :$bOxford University Press
=310  \\$aQuarterly
=336  \\$atext$2rdacontent
=337  \\$aunmediated$2rdamedia
=338  \\$avolume$2rdacarrier
=776  08$iAlso issued online as:$tModern British history$x2976-7024
=985  \\$aLDO SERIALS - PLEASE PASS ALL ITEMS RECEIVED TO ISSN UK CENTRE.
=985  \\$aC/T from 20th century British history, ISSN 0955-2359 (Print). Please link on completion.
=CAT  \\$a10806$b40$c20230306$lBLL01$h1320
=FMT  \\$a  SE
=LAS  \\$a10806$b40$c20230306$lBLL01$h1320
=LET  \0$aModern British history (Print)

