=LDR  00864nas a22002778i 4500
=001  020981832
=003  Uk
=005  20230306134013.0
=007  ta
=008  230306c20239999caufr\j\\\\\\\0\\\a0eng\\
=022  0\$a2976-7032$202
=040  \\$aUk$beng$cUk$erda
=222  \0$aQuantum economics and finance$b(Print)
=245  00$aQuantum economics and finance.
=263  \\$a202306
=264  \1$aThousand Oaks, California :$bSAGE
=310  \\$aSemiannual
=336  \\$atext$2rdacontent
=337  \\$aunmediated$2rdamedia
=338  \\$avolume$2rdacarrier
=776  08$iAlso issued online as:$tQuantum economics and finance$x2976-7040
=985  \\$aLDO SERIALS - PLEASE PASS ALL ITEMS RECEIVED TO ISSN UK CENTRE.
=CAT  \\$a10806$b40$c20230306$lBLL01$h1340
=FMT  \\$a  SE
=LAS  \\$a10806$b40$c20230306$lBLL01$h1340
=LET  \0$aQuantum economics and finance (Print)

