=LDR  00975nas a22002778i 4500
=001  020982026
=003  Uk
=005  20230307093928.0
=007  ta
=008  230307c20239999enkfr\j\\\\\\\0\\\a0eng\\
=022  0\$a2976-7067$202
=040  \\$aUk$beng$cUk$erda
=222  \4$aThe periodical of Botany Society, University College London$b(Print)
=245  04$aThe periodical of Botany Society, University College London.
=263  \\$a202304
=264  \1$aLondon :$bUCL Botany Society
=310  \\$aSemiannual
=336  \\$atext$2rdacontent
=337  \\$aunmediated$2rdamedia
=338  \\$avolume$2rdacarrier
=776  08$iAlso issued online as:$tPeriodical of Botany Society, University College London$x2976-7075
=985  \\$aLDO SERIALS - PLEASE PASS ALL ITEMS RECEIVED TO ISSN UK CENTRE.
=CAT  \\$a10806$b40$c20230307$lBLL01$h0939
=FMT  \\$a  SE
=LAS  \\$a10806$b40$c20230307$lBLL01$h0939
=LET  \4$aThe periodical of Botany Society, University College London (Print)

