=LDR  00728nas a22002658i 4500
=001  020982183
=003  Uk
=005  20230307152824.0
=007  ta
=008  230307c20239999enkfr\m\\\\\\\0\\\a0eng\\
=022  0\$a2755-3744$202
=040  \\$aUk$beng$cUk$erda
=222  \0$aABC magazine$b(Qualify)
=245  00$aABC magazine.
=263  \\$a202304
=264  \1$aNottingham :$bBeam Editions
=310  \\$aSemiannual
=336  \\$atext$2rdacontent
=337  \\$aunmediated$2rdamedia
=338  \\$avolume$2rdacarrier
=985  \\$aLDO SERIALS - PLEASE PASS ALL ITEMS RECEIVED TO ISSN UK CENTRE.
=CAT  \\$a11313$b40$c20230307$lBLL01$h1528
=FMT  \\$a  SE
=LAS  \\$a11313$b40$c20230307$lBLL01$h1528
=LET  \0$aABC magazine (Print)

