=LDR  00828nas a22002658i 4500
=001  020987557
=003  Uk
=005  20230310110418.0
=007  ta
=008  230310c20239999enkwr\p\\\\\\\0\\\a0eng\\
=022  0\$a2755-3752$202
=040  \\$aUk$beng$cUk$erda
=222  \0$aBuild step by step your Transformers Optimus Prime
=245  00$aBuild step by step your Transformers Optimus Prime.
=263  \\$a202306
=264  \1$aLondon :$bDe Agostini UK Ltd
=310  \\$aWeekly
=336  \\$atext$2rdacontent
=337  \\$aunmediated$2rdamedia
=338  \\$avolume$2rdacarrier
=985  \\$aLDO SERIALS - PLEASE PASS ALL ITEMS RECEIVED TO ISSN UK CENTRE.
=CAT  \\$a11313$b40$c20230310$lBLL01$h1104
=FMT  \\$a  SE
=LAS  \\$a11313$b40$c20230310$lBLL01$h1104
=LET  \0$aBuild step by step your Transformers Optimus Prime (Print)

