=LDR  00689nas a22002538i 4500
=001  020988403
=003  Uk
=005  20230313091653.0
=007  ta
=008  230313c20239999enkar\g\\\\\\\0\\\a0eng\\
=022  0\$a2976-7083$202
=040  \\$aUk$beng$cUk$erda
=222  \0$aLongboarder magazine
=245  00$aLongboarder magazine.
=263  \\$a202305
=264  \1$aNewquay :$bChris Thomson
=310  \\$aAnnual
=336  \\$atext$2rdacontent
=337  \\$aunmediated$2rdamedia
=338  \\$avolume$2rdacarrier
=985  \\$aLDO SERIALS - PLEASE PASS ALL ITEMS RECEIVED TO ISSN UK CENTRE.
=CAT  \\$a10806$b40$c20230313$lBLL01$h0916
=FMT  \\$a  SE
=LAS  \\$a10806$b40$c20230313$lBLL01$h0916

