=LDR  00735nas a22002538i 4500
=001  020988407
=003  Uk
=005  20230313092956.0
=007  ta
=008  230313c20239999enkqr\g\\\\\\\0\\\a0eng\\
=022  0\$a2976-7091$202
=040  \\$aUk$beng$cUk$erda
=222  \0$aClaudia Christian's dark legacies
=245  00$aClaudia Christian's dark legacies.
=263  \\$a202306
=264  \1$aShrewsbury :$bScratch Comics Publications
=310  \\$aQuarterly
=336  \\$atext$2rdacontent
=337  \\$aunmediated$2rdamedia
=338  \\$avolume$2rdacarrier
=985  \\$aLDO SERIALS - PLEASE PASS ALL ITEMS RECEIVED TO ISSN UK CENTRE.
=CAT  \\$a10806$b40$c20230313$lBLL01$h0929
=FMT  \\$a  SE
=LAS  \\$a10806$b40$c20230313$lBLL01$h0929

