=LDR  00695nas a22002658i 4500
=001  020992508
=003  Uk
=005  20230315130228.0
=007  ta
=008  230315c20239999enkar\p\\\\\\\0\\\a0eng\\
=022  0\$a2976-8047$202
=040  \\$aUk$beng$cUk$erda
=222  \0$aTigerstyle
=245  00$aTigerstyle.
=246  3\$aTiger style
=263  \\$a202306
=264  \1$aEastbourne :$bJ. Small
=310  \\$aAnnual
=336  \\$atext$2rdacontent
=337  \\$aunmediated$2rdamedia
=338  \\$avolume$2rdacarrier
=985  \\$aLDO SERIALS - PLEASE PASS ALL ITEMS RECEIVED TO ISSN UK CENTRE.
=CAT  \\$a10973$b40$c20230315$lBLL01$h1302
=FMT  \\$a  SE
=LAS  \\$a10973$b40$c20230315$lBLL01$h1302

