=LDR  00679nas a22002538i 4500
=001  020993359
=003  Uk
=005  20230316121612.0
=007  ta
=008  230316c20239999enkqr\p\\\\\\\0\\\a0eng\\
=022  0\$a2976-8055$202
=040  \\$aUk$beng$cUk$erda
=222  \0$aLeft bank$b(Qualify)
=245  00$aLeft bank.
=263  \\$a202304
=264  \1$aLiverpool :$bLeft Bank
=310  \\$aQuarterly
=336  \\$atext$2rdacontent
=337  \\$aunmediated$2rdamedia
=338  \\$avolume$2rdacarrier
=985  \\$aLDO SERIALS - PLEASE PASS ALL ITEMS RECEIVED TO ISSN UK CENTRE.
=CAT  \\$a10973$b40$c20230316$lBLL01$h1216
=FMT  \\$a  SE
=LAS  \\$a10973$b40$c20230316$lBLL01$h1216

