=LDR  01230nas a22003018i 4500
=001  020993684
=003  Uk
=005  20230317115624.0
=007  ta
=008  230317c20239999enkar\t\\\\\\\0\\\a0eng\\
=022  0\$a2753-3891$202
=040  \\$aUk$beng$cUk$erda
=222  \0$aCommercial Interiors UK ... directory$b(Print)
=245  00$aCommercial Interiors UK ... directory.
=263  \\$a202303
=264  \1$aFlackwell Heath :$bCommercial Interiors UK
=310  \\$aAnnual
=336  \\$atext$2rdacontent
=337  \\$aunmediated$2rdamedia
=338  \\$avolume$2rdacarrier
=776  08$iAlso issued online as:$tCommercial Interiors UK ... directory$x2753-3905
=985  \\$ac/t from Design insider ISSN 2053-101X - please make 7xx links when completing.
=985  \\$aPrevious title published by BCFA and IDA - publisher states these bodies do not exist anymore, have asked for further information. Commercial Interiors UK is a new body, will need AC work. ISSN UK Centre, SB. 17.3.2023
=985  \\$aLDO SERIALS - PLEASE PASS ALL ITEMS RECEIVED TO ISSN UK CENTRE.
=CAT  \\$a7152$b40$c20230317$lBLL01$h1156
=FMT  \\$a  SE
=LAS  \\$a7152$b40$c20230317$lBLL01$h1156
=LET  \0$aCommercial interiors UK ... directory (Print)

