=LDR  00929nas a22002898i 4500
=001  020995304
=003  Uk
=005  20230320081815.0
=007  ta
=008  230320c20239999enkar\j\\\\\\\0\\\a0eng\\
=022  0\$a2976-7113$202
=040  \\$aUk$beng$cUk$erda
=222  \0$aPractical patient care. Diagnostics$b(Print)
=245  00$aPractical patient care.$pDiagnostics.
=246  30$aDiagnostics
=263  \\$a202307
=264  \1$aLondon :$bProgressive Media International Limited
=310  \\$aAnnual
=336  \\$atext$2rdacontent
=337  \\$aunmediated$2rdamedia
=338  \\$avolume$2rdacarrier
=776  08$iAlso issued online as:$tPractical patient care. Diagnostics$x2976-7121
=985  \\$aLDO SERIALS - PLEASE PASS ALL ITEMS RECEIVED TO ISSN UK CENTRE.
=CAT  \\$a10806$b40$c20230320$lBLL01$h0818
=FMT  \\$a  SE
=LAS  \\$a10806$b40$c20230320$lBLL01$h0818
=LET  \0$aPractical patient care. Diagnostics (Print)

