=LDR  00737nas a22002658i 4500
=001  020999872
=003  Uk
=005  20230322153729.0
=007  ta
=008  230322c20239999enkfr\p\\\\\\\0\\\a0eng\\
=022  0\$a2753-393X$202
=040  \\$aUk$beng$cUk$erda
=222  \0$aPonystep projects
=245  00$aPonystep projects.
=263  \\$a202307
=264  \1$aLondon :$bPonystep Projects
=310  \\$aTwo issues yearly
=336  \\$atext$2rdacontent
=337  \\$aunmediated$2rdamedia
=338  \\$avolume$2rdacarrier
=985  \\$aLDO SERIALS - PLEASE PASS ALL ITEMS RECEIVED TO ISSN UK CENTRE.
=CAT  \\$a7152$b40$c20230322$lBLL01$h1537
=FMT  \\$a  SE
=LAS  \\$a7152$b40$c20230322$lBLL01$h1537
=LET  \0$aPonystep projects (Print)

