=LDR  00770nas a22002658i 4500
=001  020999977
=003  Uk
=005  20230323084903.0
=007  ta
=008  230323c20239999enkqr\p\\\\\\\0\\\a0eng\\
=022  0\$a2755-3833$202
=040  \\$aUk$beng$cUk$erda
=222  \4$aThe Grub Street journal$b(Qualify)
=245  04$aThe Grub Street journal.
=263  \\$a202304
=264  \1$aCongleton :$bFlipping Pages Media Ltd
=310  \\$aQuarterly
=336  \\$atext$2rdacontent
=337  \\$aunmediated$2rdamedia
=338  \\$avolume$2rdacarrier
=985  \\$aLDO SERIALS - PLEASE PASS ALL ITEMS RECEIVED TO ISSN UK CENTRE.
=CAT  \\$a11313$b40$c20230323$lBLL01$h0849
=FMT  \\$a  SE
=LAS  \\$a11313$b40$c20230323$lBLL01$h0849
=LET  \4$aThe Grub Street journal (Print)

