=LDR  00752nas a22002658i 4500
=001  021000003
=003  Uk
=005  20230323112005.0
=007  ta
=008  230323c20239999enkqr\p\\\\\\\0\\\a0eng\\
=022  0\$a2755-3841$202
=040  \\$aUk$beng$cUk$erda
=222  \0$aDisney classic comics
=245  00$aDisney classic comics.
=263  \\$a202305
=264  \1$aLondon :$bStory House Egmont Limited
=310  \\$aQuarterly
=336  \\$atext$2rdacontent
=337  \\$aunmediated$2rdamedia
=338  \\$avolume$2rdacarrier
=985  \\$aLDO SERIALS - PLEASE PASS ALL ITEMS RECEIVED TO ISSN UK CENTRE.
=CAT  \\$a11313$b40$c20230323$lBLL01$h1120
=FMT  \\$a  SE
=LAS  \\$a11313$b40$c20230323$lBLL01$h1120
=LET  \0$aDisney classic comics (Print)

