=LDR  00921nas a22002778i 4500
=001  021000105
=003  Uk
=005  20230323144146.0
=007  ta
=008  230323c20249999enk\x\m\\\\\\\0\\\a0eng\\
=022  0\$a2976-8071$202
=040  \\$aUk$beng$cUk$erda
=222  \0$aCambridge elements in history of economics$b(Print)
=245  00$aCambridge elements in history of economics.
=263  \\$a202402
=264  \1$aCambridge :$bCambridge University Press
=310  \\$aIrregular
=336  \\$atext$2rdacontent
=337  \\$aunmediated$2rdamedia
=338  \\$avolume$2rdacarrier
=776  08$iAlso issued online as:$tCambridge elements in history of economics$x2976-808X
=985  \\$aLDO SERIALS - PLEASE PASS ALL ITEMS RECEIVED TO ISSN UK CENTRE.
=CAT  \\$a10973$b40$c20230323$lBLL01$h1441
=FMT  \\$a  SE
=LAS  \\$a10973$b40$c20230323$lBLL01$h1441
=LET  \0$aCambridge elements in history of economics (Print)

