=LDR  01038nas a22003138i 4500
=001  021004476
=003  Uk
=005  20230327150844.0
=007  ta
=008  230327c20239999enkqr\p\\\\\\\0\\\a0eng\\
=022  0\$a2976-8128$202
=040  \\$aUk$beng$cUk$erda
=222  \0$aOn job
=245  00$aOn job.
=246  3\$aOnJob
=263  \\$a202303
=264  \1$aLondon :$bOnjob Union C.I.C
=310  \\$aQuarterly
=336  \\$atext$2rdacontent
=337  \\$aunmediated$2rdamedia
=338  \\$avolume$2rdacarrier
=985  \\$aISSN UK Centre: email and telephone confirmation from publisher that this is not related to ISSN 2755-3108 (no copy rec'd as yet). Any queries please ask Donna.
=985  \\$aISSN UK Centre: possible s/o streets material. Do not L7.
=985  \\$aLDO SERIALS - PLEASE PASS ALL ITEMS RECEIVED TO ISSN UK CENTRE.
=CAT  \\$a10973$b40$c20230327$lBLL01$h1507
=CAT  \\$a10973$b40$c20230327$lBLL01$h1508
=CAT  \\$a10973$b40$c20230327$lBLL01$h1508
=FMT  \\$a  SE
=LAS  \\$a10973$b40$c20230327$lBLL01$h1508

