=LDR  01114nas a22002898i 4500
=001  021009218
=003  Uk
=005  20230330101450.0
=007  ta
=008  230330c20229999enkar\p\\\\\\\0\\\a0eng\\
=022  0\$a2976-8144$202
=040  \\$aUk$beng$cUk$erda
=222  \0$aStudent research journal$b(Bristol Institute for Learning and Teaching. Print)
=245  00$aStudent research journal.
=263  \\$a202306
=264  \1$aBristol :$bBristol Institute for Learning and Teaching
=310  \\$aAnnual
=336  \\$atext$2rdacontent
=337  \\$aunmediated$2rdamedia
=338  \\$avolume$2rdacarrier
=985  \\$aISSN UK Centre: see also online format version, ISSN 2976-8152, please add 776 to both records on completion.
=985  \\$aISSN UK Centre: publication began as digital only resource in 2020. Publisher confirmed issue 3 onwards to also be available in print format.
=985  \\$aLDO SERIALS - PLEASE PASS ALL ITEMS RECEIVED TO ISSN UK CENTRE.
=CAT  \\$a10973$b40$c20230330$lBLL01$h1014
=FMT  \\$a  SE
=LAS  \\$a10973$b40$c20230330$lBLL01$h1014
=LET  \0$aStudent research journal (Print)

