=LDR  00998nas a22002898i 4500
=001  021009384
=003  Uk
=005  20230330154144.0
=007  ta
=008  230330c20239999enktr\p\\\\\\\0\\\a0eng\\
=022  0\$a2976-8179$202
=040  \\$aUk$beng$cUk$erda
=222  \4$aThe vanity papers$b(Print)
=245  04$aThe vanity papers.
=263  \\$a202305
=264  \1$aOxford :$bR. Nolan
=310  \\$aThree times a year
=336  \\$atext$2rdacontent
=337  \\$aunmediated$2rdamedia
=338  \\$avolume$2rdacarrier
=985  \\$aISSN UK Centre: began as online resource in 2022, from issue 4 will be published in both print and online formats.
=985  \\$aISSN UK Centre: see also online format version, ISSN 2976-8187 - please add 776 to both records on completion.
=985  \\$aLDO SERIALS - PLEASE PASS ALL ITEMS RECEIVED TO ISSN UK CENTRE.
=CAT  \\$a10973$b40$c20230330$lBLL01$h1541
=FMT  \\$a  SE
=LAS  \\$a10973$b40$c20230330$lBLL01$h1541
=LET  \4$aThe vanity papers (Print)

