=LDR  00662nas a22002538i 4500
=001  021021404
=003  Uk
=005  20230411125648.0
=007  ta
=008  230411c20239999enkqr\g\\\\\\\0\\\a0eng\\
=022  0\$a2976-7180$202
=040  \\$aUk$beng$cUk$erda
=222  \0$aDebug
=245  00$aDebug.
=263  \\$a202304
=264  \1$aNorwich :$bBoss Mode Ltd
=310  \\$aQuarterly
=336  \\$atext$2rdacontent
=337  \\$aunmediated$2rdamedia
=338  \\$avolume$2rdacarrier
=985  \\$aLDO SERIALS - PLEASE PASS ALL ITEMS RECEIVED TO ISSN UK CENTRE.
=CAT  \\$a10806$b40$c20230411$lBLL01$h1256
=FMT  \\$a  SE
=LAS  \\$a10806$b40$c20230411$lBLL01$h1256

