=LDR  01027nas a22002898i 4500
=001  021021693
=003  Uk
=005  20230412094556.0
=007  ta
=008  230412c20239999enkqr\m\\\\\\\0\\\a0eng\\
=022  0\$a2976-7210$202
=040  \\$aUk$beng$cUk$erda
=222  \0$aGreater Manchester Business School working paper series$b(Print)
=245  00$aGreater Manchester Business School working paper series.
=263  \\$a202307
=264  \1$aBolton :$bGreater Manchester Business School
=310  \\$aQuarterly
=336  \\$atext$2rdacontent
=337  \\$aunmediated$2rdamedia
=338  \\$avolume$2rdacarrier
=776  08$iAlso issued online as:$tGreater Manchester Business School working paper series$x2976-7229
=985  \\$aLDO SERIALS - PLEASE PASS ALL ITEMS RECEIVED TO ISSN UK CENTRE.
=CAT  \\$a10806$b40$c20230412$lBLL01$h0931
=CAT  \\$a10806$b40$c20230412$lBLL01$h0945
=FMT  \\$a  SE
=LAS  \\$a10806$b40$c20230412$lBLL01$h0945
=LET  \0$aGreater Manchester Business School working paper series (Print)

