=LDR  00840nas a22002778i 4500
=001  021021696
=003  Uk
=005  20230412093729.0
=007  ta
=008  230412c20239999enktr\p\\\\\\\0\\\a0eng\\
=022  0\$a2976-8241$202
=040  \\$aUk$beng$cUk$erda
=222  \0$aAviation in-scale$b(Print)
=245  00$aAviation in-scale.
=263  \\$a202305
=264  \1$aNewport Pagnell :$bPhoenix Scale Publications LLP
=310  \\$aThree times a year
=336  \\$atext$2rdacontent
=337  \\$aunmediated$2rdamedia
=338  \\$avolume$2rdacarrier
=776  08$iAlso issued online as:$tAviation in-scale$x2976-825X
=985  \\$aLDO SERIALS - PLEASE PASS ALL ITEMS RECEIVED TO ISSN UK CENTRE.
=CAT  \\$a10973$b40$c20230412$lBLL01$h0937
=FMT  \\$a  SE
=LAS  \\$a10973$b40$c20230412$lBLL01$h0937
=LET  \0$aAviation in-scale (Print)

