=LDR  01028cas a22003018i 4500
=001  021021774
=003  Uk
=005  20230911143803.0
=007  ta
=008  230412c20239999enkfr\g\\\\\\\0\\\a0eng\\
=022  0\$a2976-8276$202
=040  \\$aUk$beng$cUk$erda
=222  \0$aAttentive management
=245  00$aAttentive management.
=263  \\$a202310
=264  \1$aColchester :$bA. Walklett
=310  \\$aSemiannual
=336  \\$atext$2rdacontent
=337  \\$aunmediated$2rdamedia
=338  \\$avolume$2rdacarrier
=985  \\$aLDO SERIALS - PLEASE PASS ALL ITEMS RECEIVED TO ISSN UK CENTRE.
=985  \\$a2nd application received 10/09/23, shows projected publication date of October 2023 and now semiannual. Sent reminder of original pre-pub notification (Richard, 11/09/23)
=CAT  \\$a10973$b40$c20230412$lBLL01$h1236
=CAT  \\$a10806$b40$c20230911$lBLL01$h1437
=CAT  \\$a10806$b40$c20230911$lBLL01$h1437
=CAT  \\$a10806$b40$c20230911$lBLL01$h1438
=FMT  \\$a  SE
=LAS  \\$a10806$b40$c20230911$lBLL01$h1438

