=LDR  00811nas a22002658i 4500
=001  021021782
=003  Uk
=005  20230412125628.0
=007  ta
=008  230412c20239999enkmx\p\\\\\\\0\\\a0eng\\
=022  0\$a2976-8284$202
=040  \\$aUk$beng$cUk$erda
=222  \0$aClassics world
=245  00$aClassics world.
=263  \\$a202309
=264  \1$aMaidstone :$bKelsey Publishing
=310  \\$aThirteen issues a year
=336  \\$atext$2rdacontent
=337  \\$aunmediated$2rdamedia
=338  \\$avolume$2rdacarrier
=985  \\$aISSN UK Centre: change of title from 'Classics' ISSN 2634-4807. Please add 78X/LKR as required.
=985  \\$aLDO SERIALS - PLEASE PASS ALL ITEMS RECEIVED TO ISSN UK CENTRE.
=CAT  \\$a10973$b40$c20230412$lBLL01$h1256
=FMT  \\$a  SE
=LAS  \\$a10973$b40$c20230412$lBLL01$h1256

