=LDR  00685nas a22002538i 4500
=001  021022742
=003  Uk
=005  20230414081914.0
=007  ta
=008  230414c20239999stkfr\p\\\\\\\0\\\a0eng\\
=022  0\$a2976-8292$202
=040  \\$aUk$beng$cUk$erda
=222  \0$aWild swim Arran
=245  00$aWild swim Arran.
=263  \\$a202305
=264  \1$aWhiting Bay :$bH. Westwood
=310  \\$aSemiannual
=336  \\$atext$2rdacontent
=337  \\$aunmediated$2rdamedia
=338  \\$avolume$2rdacarrier
=985  \\$aLDO SERIALS - PLEASE PASS ALL ITEMS RECEIVED TO ISSN UK CENTRE.
=CAT  \\$a10973$b40$c20230414$lBLL01$h0819
=FMT  \\$a  SE
=LAS  \\$a10973$b40$c20230414$lBLL01$h0819

