=LDR  00702nas a22002658i 4500
=001  021022743
=003  Uk
=005  20230414083252.0
=007  ta
=008  230414c20239999enkar\p\\\\\\\0\\\a0eng\\
=022  0\$a2755-3949$202
=040  \\$aUk$beng$cUk$erda
=222  \0$aArt plugged
=245  00$aArt plugged.
=263  \\$a202305
=264  \1$aLondon :$bL. Gordon
=310  \\$aAnnual
=336  \\$atext$2rdacontent
=337  \\$aunmediated$2rdamedia
=338  \\$avolume$2rdacarrier
=985  \\$aLDO SERIALS - PLEASE PASS ALL ITEMS RECEIVED TO ISSN UK CENTRE.
=CAT  \\$a11313$b40$c20230414$lBLL01$h0832
=FMT  \\$a  SE
=LAS  \\$a11313$b40$c20230414$lBLL01$h0832
=LET  \0$aArt plugged (Print)

