=LDR  00684nas a22002538i 4500
=001  021022760
=003  Uk
=005  20230414095414.0
=007  ta
=008  230414c20239999enkmr\p\\\\\\\0\\\a0eng\\
=022  0\$a2976-8306$202
=040  \\$aUk$beng$cUk$erda
=222  \0$aMiles Morales
=245  00$aMiles Morales.
=263  \\$a202307
=264  \1$aTunbridge Wells :$bPanini UK Ltd
=310  \\$aMonthly
=336  \\$atext$2rdacontent
=337  \\$aunmediated$2rdamedia
=338  \\$avolume$2rdacarrier
=985  \\$aLDO SERIALS - PLEASE PASS ALL ITEMS RECEIVED TO ISSN UK CENTRE.
=CAT  \\$a10973$b40$c20230414$lBLL01$h0954
=FMT  \\$a  SE
=LAS  \\$a10973$b40$c20230414$lBLL01$h0954

