=LDR  01051nas a22003018i 4500
=001  021024403
=003  Uk
=005  20230417102825.0
=007  ta
=008  230417c20249999enkfr\j\\\\\\\0\\\a0eng\\
=022  0\$a2976-7261$202
=040  \\$aUk$beng$cUk$erda
=222  \0$aIIMT journal of management$b(Print)
=245  00$aIIMT journal of management.
=246  3\$aIndian Institute of Management Tiruchirappalli journal of management
=263  \\$a202403
=264  \1$aBingley :$bEmerald Publishing Limited
=310  \\$aSemiannual
=336  \\$atext$2rdacontent
=337  \\$aunmediated$2rdamedia
=338  \\$avolume$2rdacarrier
=776  08$iAlso issued online as:$tIIMT journal of management$x2976-727X
=985  \\$aLDO SERIALS - PLEASE PASS ALL ITEMS RECEIVED TO ISSN UK CENTRE.
=985  \\$aISSN UK note: publisher confirmed no connection with ISSN 0975-4695 (email received 14/04/23)
=CAT  \\$a10806$b40$c20230417$lBLL01$h1028
=FMT  \\$a  SE
=LAS  \\$a10806$b40$c20230417$lBLL01$h1028
=LET  \0$aIIMT journal of management (Print)

