=LDR  00877nas a22002778i 4500
=001  021027773
=003  Uk
=005  20230419141709.0
=007  ta
=008  230419c20249999enk\x\m\\\\\\\0\\\a0eng\\
=022  0\$a2976-8322$202
=040  \\$aUk$beng$cUk$erda
=222  \0$aElements in high risk pregnancy$b(Print)
=245  00$aElements in high risk pregnancy.
=263  \\$a202401
=264  \1$aCambridge :$bCambridge University Press
=310  \\$aIrregular
=336  \\$atext$2rdacontent
=337  \\$aunmediated$2rdamedia
=338  \\$avolume$2rdacarrier
=776  08$iAlso issued online as:$tElements in high risk pregnancy$x2976-8330
=985  \\$aLDO SERIALS - PLEASE PASS ALL ITEMS RECEIVED TO ISSN UK CENTRE.
=CAT  \\$a10973$b40$c20230419$lBLL01$h1417
=FMT  \\$a  SE
=LAS  \\$a10973$b40$c20230419$lBLL01$h1417
=LET  \0$aElements in high risk pregnancy (Print)

