=LDR  00745nas a22002658i 4500
=001  021028173
=003  Uk
=005  20230420091411.0
=007  ta
=008  230420c20239999enkqr\p\\\\\\\0\\\a0eng\\
=022  0\$a2755-3981$202
=040  \\$aUk$beng$cUk$erda
=222  \0$aCreative living$b(Qualify)
=245  00$aCreative living.
=263  \\$a202305
=264  \1$aChesterfield :$bHighlight Crafts Ltd
=310  \\$aQuarterly
=336  \\$atext$2rdacontent
=337  \\$aunmediated$2rdamedia
=338  \\$avolume$2rdacarrier
=985  \\$aLDO SERIALS - PLEASE PASS ALL ITEMS RECEIVED TO ISSN UK CENTRE.
=CAT  \\$a11313$b40$c20230420$lBLL01$h0914
=FMT  \\$a  SE
=LAS  \\$a11313$b40$c20230420$lBLL01$h0914
=LET  \0$aCreative living (Print)

