=LDR  01114cas a22003258i 4500
=001  021030617
=003  Uk
=005  20230911083832.0
=007  ta
=008  230424c20239999enkqr\j\\\\\\\0\\\a0eng\\
=022  0\$a2766-0125$202
=040  \\$aUk$beng$cUk$erda
=222  \0$aeGastroenterology
=245  00$aeGastroenterology.
=263  \\$a202310
=264  \1$aLondon :$bBMJ
=310  \\$aQuarterly
=336  \\$atext$2rdacontent
=337  \\$aunmediated$2rdamedia
=338  \\$avolume$2rdacarrier
=776  08$iAlso issued online as:$teGastroenterology$x2976-7296
=985  \\$aLDO SERIALS - PLEASE PASS ALL ITEMS RECEIVED TO ISSN UK CENTRE.
=985  \\$aISSN responsibility passed to UK from U.S. (still provisional status) (24/04/23)
=985  \\$aPlease link to ISSN 2976-7296 (Online) on completion. Richard checking status of printed version with BMJ (11/09/23)
=CAT  \\$a10806$b40$c20230424$lBLL01$h0850
=CAT  \\$a10806$b40$c20230424$lBLL01$h0944
=CAT  \\$a10806$b40$c20230911$lBLL01$h0838
=FMT  \\$a  SE
=LAS  \\$a10806$b40$c20230911$lBLL01$h0838
=LET  \0$aeGastroenterology (Print)

