=LDR  00839nas a22002778i 4500
=001  021030872
=003  Uk
=005  20230425095950.0
=007  ta
=008  230425c20249999enkwr\g\\\\\\\0\\\a0eng\\
=022  0\$a2976-7318$202
=040  \\$aUk$beng$cUk$erda
=222  \0$aDisney knitting
=245  00$aDisney knitting.
=263  \\$a202401
=264  \1$aLondon :$bHachette Partworks
=310  \\$aWeekly
=336  \\$atext$2rdacontent
=337  \\$aunmediated$2rdamedia
=338  \\$avolume$2rdacarrier
=985  \\$aLDO SERIALS - PLEASE PASS ALL ITEMS RECEIVED TO ISSN UK CENTRE.
=985  \\$aPublisher reply: no connection with 'Disney Tsum Tsum knitting collection', ISSN 2632-6922
=CAT  \\$a10806$b40$c20230425$lBLL01$h0957
=CAT  \\$a10806$b40$c20230425$lBLL01$h0959
=FMT  \\$a  SE
=LAS  \\$a10806$b40$c20230425$lBLL01$h0959

