=LDR  00857nas a22002778i 4500
=001  021035086
=003  Uk
=005  20230427071954.0
=007  ta
=008  230427c20249999enk\x\m\\\\\\\0\\\a0eng\\
=022  0\$a2976-8381$202
=040  \\$aUk$beng$cUk$erda
=222  \0$aElements in career studies$b(Print)
=245  00$aElements in career studies.
=263  \\$a202406
=264  \1$aCambridge :$bCambridge University Press
=310  \\$aIrregular
=336  \\$atext$2rdacontent
=337  \\$aunmediated$2rdamedia
=338  \\$avolume$2rdacarrier
=776  08$iAlso issued online as:$tElements in career studies$x2976-839X
=985  \\$aLDO SERIALS - PLEASE PASS ALL ITEMS RECEIVED TO ISSN UK CENTRE.
=CAT  \\$a10973$b40$c20230427$lBLL01$h0719
=FMT  \\$a  SE
=LAS  \\$a10973$b40$c20230427$lBLL01$h0719
=LET  \0$aElements in career studies (Print)

