=LDR  00755nas a22002658i 4500
=001  021035454
=003  Uk
=005  20230427141328.0
=007  ta
=008  230427c20239999enkbr\p\\\\\\\0\\\a0eng\\
=022  0\$a2976-9019$202
=040  \\$aUk$beng$cUk$erda
=222  \0$aSherlock Holmes puzzles
=245  00$aSherlock Holmes puzzles.
=263  \\$a202307
=264  \1$aNewton Abbot :$bBromleigh House Ltd
=310  \\$aBimonthly
=336  \\$atext$2rdacontent
=337  \\$aunmediated$2rdamedia
=338  \\$avolume$2rdacarrier
=985  \\$aLDO SERIALS - PLEASE PASS ALL ITEMS RECEIVED TO ISSN UK CENTRE.
=CAT  \\$a7152$b40$c20230427$lBLL01$h1413
=FMT  \\$a  SE
=LAS  \\$a7152$b40$c20230427$lBLL01$h1413
=LET  \0$aSherlock Holmes puzzles (Print)

