=LDR  00800nas a22002778i 4500
=001  021035463
=003  Uk
=005  20230427142022.0
=007  ta
=008  230427c20239999enkbr\p\\\\\\\0\\\a0eng\\
=022  0\$a2976-9027$202
=040  \\$aUk$beng$cUk$erda
=222  \0$aSherlock Holmes sudoku
=245  00$aSherlock Holmes sudoku.
=263  \\$a202307
=264  \1$aNewton Abbot :$bBromleigh House Ltd
=310  \\$aBimonthly
=336  \\$atext$2rdacontent
=337  \\$aunmediated$2rdamedia
=338  \\$avolume$2rdacarrier
=985  \\$aLDO SERIALS - PLEASE PASS ALL ITEMS RECEIVED TO ISSN UK CENTRE.
=CAT  \\$a7152$b40$c20230427$lBLL01$h1418
=CAT  \\$a7152$b40$c20230427$lBLL01$h1420
=FMT  \\$a  SE
=LAS  \\$a7152$b40$c20230427$lBLL01$h1420
=LET  \0$aSherlock Holmes sudoku (Print)

