=LDR  00839nas a22002538i 4500
=001  021035936
=003  Uk
=005  20230428122750.0
=007  ta
=008  230428c199u9999xxkuu\p\\\\\\\0\\\a0eng\\
=022  0\$a1356-0883$202
=040  \\$aUk$beng$cUk$erda
=222  \0$aBank survey
=245  00$aBank survey.
=263  \\$a199501
=264  \1$a[Great Britain] :$b[publisher not identified]
=336  \\$atext$2rdacontent
=337  \\$aunmediated$2rdamedia
=338  \\$avolume$2rdacarrier
=985  \\$aISSN UK Centre: Aleph record created from key title file card to send record to Portal, hanging file not consulted - please update record when file seen.
=985  \\$aLDO SERIALS - PLEASE PASS ALL ITEMS RECEIVED TO ISSN UK CENTRE.
=CAT  \\$a10973$b40$c20230428$lBLL01$h1227
=FMT  \\$a  SE
=LAS  \\$a10973$b40$c20230428$lBLL01$h1227

