=LDR  00920nas a22002658i 4500
=001  021044454
=003  Uk
=005  20230503123518.0
=007  ta
=008  230503c20239999enkqr\p\\\\\\\0\\\a0eng\\
=022  0\$a2976-8411$202
=040  \\$aUk$beng$cUk$erda
=222  \0$aMental health monthly
=245  00$aMental health monthly.
=263  \\$a202305
=264  \1$aLytham St Annes :$bP. Jones
=310  \\$aQuarterly
=336  \\$atext$2rdacontent
=337  \\$aunmediated$2rdamedia
=338  \\$avolume$2rdacarrier
=985  \\$aISSN UK Centre: possible s/on streets material. Please ensure items are catalogued and added to collections and not treated as L7. Publisher confirms frequency is quarterly despite title suggesting monthly.
=985  \\$aLDO SERIALS - PLEASE PASS ALL ITEMS RECEIVED TO ISSN UK CENTRE.
=CAT  \\$a10973$b40$c20230503$lBLL01$h1235
=FMT  \\$a  SE
=LAS  \\$a10973$b40$c20230503$lBLL01$h1235

