=LDR  01061nas a22002898i 4500
=001  021045526
=003  Uk
=005  20230505082328.0
=007  ta
=008  230505c20249999cauqr\j\\\\\\\0\\\a0eng\\
=022  0\$a2976-7342$202
=040  \\$aUk$beng$cUk$erda
=222  \0$aSubstance use and addiction journal$b(Print)
=245  00$aSubstance use and addiction journal.
=263  \\$a202401
=264  \1$aThousand Oaks, California :$bSage Publishing
=310  \\$aQuarterly
=336  \\$atext$2rdacontent
=337  \\$aunmediated$2rdamedia
=338  \\$avolume$2rdacarrier
=776  08$iAlso issued online as:$tSubstance use and addiction journal$x2976-7350
=985  \\$aLDO SERIALS - PLEASE PASS ALL ITEMS RECEIVED TO ISSN UK CENTRE.
=985  \\$aC/T from ISSN 0889-7077 Substance abuse (U.S. responsibility) - will need links adding in consultation with colleagues in U.S. (Richard, 05/05/23)
=CAT  \\$a10806$b40$c20230505$lBLL01$h0823
=FMT  \\$a  SE
=LAS  \\$a10806$b40$c20230505$lBLL01$h0823
=LET  \0$aSubstance use and addiction journal (Print)

