=LDR  00743nas a22002658i 4500
=001  021047436
=003  Uk
=005  20230509104518.0
=007  ta
=008  230509c20239999enkqr\g\\\\\\\0\\\a0eng\\
=022  0\$a2976-7407$202
=040  \\$aUk$beng$cUk$erda
=222  \0$aHILIGHTS
=245  00$aHILIGHTS.
=263  \\$a202309
=264  \1$aCambridge :$bHiston & Impington Communications CIC
=310  \\$aQuarterly
=336  \\$atext$2rdacontent
=337  \\$aunmediated$2rdamedia
=338  \\$avolume$2rdacarrier
=985  \\$aLDO SERIALS - PLEASE PASS ALL ITEMS RECEIVED TO ISSN UK CENTRE.
=CAT  \\$a10806$b40$c20230509$lBLL01$h1044
=CAT  \\$a10806$b40$c20230509$lBLL01$h1045
=FMT  \\$a  SE
=LAS  \\$a10806$b40$c20230509$lBLL01$h1045

