=LDR  01168nas a22002898i 4500
=001  021049628
=003  Uk
=005  20230510131025.0
=007  ta
=008  230510c20239999enk\x\m\\\\\\\0\\\a0eng\\
=022  0\$a2976-8438$202
=040  \\$aUk$beng$cUk$erda
=222  \0$aStudies in world art$b(Print)
=245  00$aStudies in world art.
=263  \\$a202309
=264  \1$aLondon :$bCV Publications
=310  \\$aIrregular
=336  \\$atext$2rdacontent
=337  \\$aunmediated$2rdamedia
=338  \\$avolume$2rdacarrier
=776  08$iAlso issued online as:$tStudies in world art$x2976-8446
=985  \\$aISSN UK Centre: "Contracted agreement made with the author Edward Lucie-Smith to publish a body of 194 articles on art, released as e-books, monographs, books and audiobooks. Now arranging as a numbered series under the author title 'Studies in World Art'". Coverage date of included articles is 2016-, please amend 008 if required.
=985  \\$aLDO SERIALS - PLEASE PASS ALL ITEMS RECEIVED TO ISSN UK CENTRE.
=CAT  \\$a10973$b40$c20230510$lBLL01$h1310
=FMT  \\$a  SE
=LAS  \\$a10973$b40$c20230510$lBLL01$h1310
=LET  \0$aStudies in world art (Print)

