=LDR  00925cas a22003018i 4500
=001  021049635
=003  Uk
=005  20230620174830.0
=007  ta
=008  230510c20239999enkfr\p\\\\\\\0\\\a0eng\\
=022  0\$a2976-8454$202
=040  \\$aUk$beng$cUk$erda
=222  \3$aAl Nahda$b(Print)
=245  03$aAl Nahda.
=246  13$aRenaissance
=263  \\$a202304
=264  \1$aManchester :$bMinhaj ul Quran Publications
=310  \\$aSemiannual
=336  \\$atext$2rdacontent
=337  \\$aunmediated$2rdamedia
=338  \\$avolume$2rdacarrier
=985  \\$aLDO SERIALS - PLEASE PASS ALL ITEMS RECEIVED TO ISSN UK CENTRE.
=985  \\$aISSN UK Centre: see also online version, ISSN 2976-8462. Please add 776 to both records on completion.
=CAT  \\$a10973$b40$c20230510$lBLL01$h1329
=CAT  \\$a10973$b40$c20230620$lBLL01$h1748
=FMT  \\$a  SE
=LAS  \\$a10973$b40$c20230620$lBLL01$h1748
=LET  \3$aAl Nahda (Print)

