=LDR  01037nas a22002898i 4500
=001  021049672
=003  Uk
=005  20230510143516.0
=007  ta
=008  230510c20239999enkfr\j\\\\\\\0\\\a0eng\\
=022  0\$a2976-9051$202
=040  \\$aUk$beng$cUk$erda
=222  \0$aJournal of innovative digital transformation$b(Print)
=245  00$aJournal of innovative digital transformation.
=263  \\$a202309
=264  \1$aBingley :$bEmerald Publishing Limited
=310  \\$aSemiannual
=336  \\$atext$2rdacontent
=337  \\$aunmediated$2rdamedia
=338  \\$avolume$2rdacarrier
=776  08$iAlso issued online as:$tJournal of innovative digital transformation$x2976-906X
=985  \\$aPublisher indicates frequency will be 2 in 2023, 3 in 2024, 4 in 2025. ISSN UK Centre, 10.5.23
=985  \\$aLDO SERIALS - PLEASE PASS ALL ITEMS RECEIVED TO ISSN UK CENTRE.
=CAT  \\$a7152$b40$c20230510$lBLL01$h1435
=FMT  \\$a  SE
=LAS  \\$a7152$b40$c20230510$lBLL01$h1435
=LET  \0$aJournal of innovative digital transformation (Print)

