=LDR  00703nas a22002538i 4500
=001  021049698
=003  Uk
=005  20230510155936.0
=007  ta
=008  230510c20239999enkwr\p\\\\\\\0\\\a0eng\\
=022  0\$a2976-8497$202
=040  \\$aUk$beng$cUk$erda
=222  \0$aPeter Rabbit cross stitch
=245  00$aPeter Rabbit cross stitch.
=263  \\$a202309
=264  \1$aLondon :$bHachette Partworks
=310  \\$aWeekly
=336  \\$atext$2rdacontent
=337  \\$aunmediated$2rdamedia
=338  \\$avolume$2rdacarrier
=985  \\$aLDO SERIALS - PLEASE PASS ALL ITEMS RECEIVED TO ISSN UK CENTRE.
=CAT  \\$a10973$b40$c20230510$lBLL01$h1559
=FMT  \\$a  SE
=LAS  \\$a10973$b40$c20230510$lBLL01$h1559

