=LDR  01112nas a22003018i 4500
=001  021050022
=003  Uk
=005  20230511141038.0
=007  ta
=008  230511c20239999enkfr\p\\\\\\\0\\\a0eng\\
=022  0\$a2976-8500$202
=040  \\$aUk$beng$cUk$erda
=222  \0$aIIMBG journal of sustainable business and innovation$b(Print)
=245  00$aIIMBG journal of sustainable business and innovation.
=246  3\$aIndian Institute of Management, Bodh Gaya journal of sustainable business and innovation
=263  \\$a202306
=264  \1$aBingley :$bEmerald Group Publishing
=310  \\$aSemiannual
=336  \\$atext$2rdacontent
=337  \\$aunmediated$2rdamedia
=338  \\$avolume$2rdacarrier
=776  08$iAlso issued online as:$tIIMBG journal of sustainable business and innovation$x2753-4022
=985  \\$aLDO SERIALS - PLEASE PASS ALL ITEMS RECEIVED TO ISSN UK CENTRE.
=CAT  \\$a10973$b40$c20230511$lBLL01$h1407
=CAT  \\$a10973$b40$c20230511$lBLL01$h1410
=FMT  \\$a  SE
=LAS  \\$a10973$b40$c20230511$lBLL01$h1410
=LET  \0$aIIMBG journal of sustainable business and innovation (Print)

