=LDR  00702nas a22002538i 4500
=001  021050909
=003  Uk
=005  20230512124946.0
=007  ta
=008  230512c20239999wlktr\g\\\\\\\0\\\a0eng\\
=022  0\$a2976-7415$202
=040  \\$aUk$beng$cUk$erda
=222  \4$aThe female triathlete
=245  04$aThe female triathlete.
=263  \\$a202307
=264  \1$aCardiff :$bLana Farinha
=310  \\$aThree times a year
=336  \\$atext$2rdacontent
=337  \\$aunmediated$2rdamedia
=338  \\$avolume$2rdacarrier
=985  \\$aLDO SERIALS - PLEASE PASS ALL ITEMS RECEIVED TO ISSN UK CENTRE.
=CAT  \\$a10806$b40$c20230512$lBLL01$h1249
=FMT  \\$a  SE
=LAS  \\$a10806$b40$c20230512$lBLL01$h1249

