=LDR  00673nas a22002538i 4500
=001  021052657
=003  Uk
=005  20230515125944.0
=007  ta
=008  230515c20239999enkfr\g\\\\\\\0\\\a0eng\\
=022  0\$a2976-7458$202
=040  \\$aUk$beng$cUk$erda
=222  \0$aMorel$b(Qualify)
=245  00$aMorel.
=263  \\$a202306
=264  \1$aLondon :$bIsabelle Gray
=310  \\$aSemiannual
=336  \\$atext$2rdacontent
=337  \\$aunmediated$2rdamedia
=338  \\$avolume$2rdacarrier
=985  \\$aLDO SERIALS - PLEASE PASS ALL ITEMS RECEIVED TO ISSN UK CENTRE.
=CAT  \\$a10806$b40$c20230515$lBLL01$h1259
=FMT  \\$a  SE
=LAS  \\$a10806$b40$c20230515$lBLL01$h1259

