=LDR  00870nas a22002778i 4500
=001  021052875
=003  Uk
=005  20230516110606.0
=007  ta
=008  230516c20239999enkfr\j\\\\\\\0\\\a0eng\\
=022  0\$a2976-7482$202
=040  \\$aUk$beng$cUk$erda
=222  \0$aStolen tools$b(Print)
=245  00$aStolen tools.
=263  \\$a202306
=264  \1$aLondon :$bDr Sohail Jannesari (Institute of Psychology, Psychiatry and Neuroscience, King's College London)
=310  \\$aSemiannual
=336  \\$atext$2rdacontent
=337  \\$aunmediated$2rdamedia
=338  \\$avolume$2rdacarrier
=776  08$iAlso issued online as:$tStolen tools$x2976-7490
=985  \\$aLDO SERIALS - PLEASE PASS ALL ITEMS RECEIVED TO ISSN UK CENTRE.
=CAT  \\$a10806$b40$c20230516$lBLL01$h1106
=FMT  \\$a  SE
=LAS  \\$a10806$b40$c20230516$lBLL01$h1106
=LET  \0$aStolen tools (Print)

