=LDR  00708nas a22002538i 4500
=001  021052911
=003  Uk
=005  20230516122946.0
=007  ta
=008  230516c20239999enkqr\g\\\\\\\0\\\a0eng\\
=022  0\$a2976-7504$202
=040  \\$aUk$beng$cUk$erda
=222  \0$aLand Rover life
=245  00$aLand Rover life.
=263  \\$a202307
=264  \1$aBourne, Lincolnshire :$bWarners Group Publications
=310  \\$aQuarterly
=336  \\$atext$2rdacontent
=337  \\$aunmediated$2rdamedia
=338  \\$avolume$2rdacarrier
=985  \\$aLDO SERIALS - PLEASE PASS ALL ITEMS RECEIVED TO ISSN UK CENTRE.
=CAT  \\$a10806$b40$c20230516$lBLL01$h1229
=FMT  \\$a  SE
=LAS  \\$a10806$b40$c20230516$lBLL01$h1229

