=LDR  00863nas a22002658i 4500
=001  021055791
=003  Uk
=005  20230517083239.0
=007  ta
=008  230517c20249999enkuu\m\\\\\\\0\\\a0eng\\
=022  0\$a2976-7512$202
=040  \\$aUk$beng$cUk$erda
=222  \0$aElements in data rights and wrongs$b(Print)
=245  00$aElements in data rights and wrongs.
=263  \\$a202406
=264  \1$aCambridge :$bCambridge University Press
=336  \\$atext$2rdacontent
=337  \\$aunmediated$2rdamedia
=338  \\$avolume$2rdacarrier
=776  08$iAlso issued online as:$tElements in data rights and wrongs$x2976-7520
=985  \\$aLDO SERIALS - PLEASE PASS ALL ITEMS RECEIVED TO ISSN UK CENTRE.
=CAT  \\$a10806$b40$c20230517$lBLL01$h0832
=FMT  \\$a  SE
=LAS  \\$a10806$b40$c20230517$lBLL01$h0832
=LET  \0$aElements in data rights and wrongs (Print)

