=LDR  01025cas a22003258i 4500
=001  021056006
=003  Uk
=005  20230712140309.0
=007  ta
=008  230517c20239999enkqr\g\\\\\\\0\\\a0eng\\
=022  0\$a2976-7555$202
=040  \\$aUk$beng$cUk$erda
=222  \0$a21UP movement
=245  00$a21UP movement.
=246  3\$a21UPMOVEMENT
=246  3\$a21 UP movement
=263  \\$a202306
=264  \1$aBrentwood, Essex :$b21UPMOVEMENT CIC
=310  \\$aQuarterly
=336  \\$atext$2rdacontent
=337  \\$aunmediated$2rdamedia
=338  \\$avolume$2rdacarrier
=985  \\$aLDO SERIALS - PLEASE PASS ALL ITEMS RECEIVED TO ISSN UK CENTRE.
=985  \\$aISSN UK Centre: frequency updated from Monthly to Quarterly ahead of publication of the first issue (email rec'd 11.7.23).
=CAT  \\$a10806$b40$c20230517$lBLL01$h1515
=CAT  \\$a10806$b40$c20230517$lBLL01$h1516
=CAT  \\$a10973$b40$c20230712$lBLL01$h1403
=FMT  \\$a  SE
=LAS  \\$a10973$b40$c20230712$lBLL01$h1403
=LET  \0$a21UP movement (Print)

