=LDR  00798nas a22002778i 4500
=001  021056529
=003  Uk
=005  20230518132757.0
=007  ta
=008  230518c20239999enkqr\p\\\\\\\0\\\a0eng\\
=022  0\$a2976-8608$202
=040  \\$aUk$beng$cUk$erda
=222  \0$aSLOP magazine
=245  00$aSLOP magazine.
=263  \\$a202306
=264  \1$aLondon :$bJ. Stanley
=310  \\$aQuarterly
=336  \\$atext$2rdacontent
=337  \\$aunmediated$2rdamedia
=338  \\$avolume$2rdacarrier
=985  \\$aISSN UK Centre: publisher confirms SLOP is not an acronym.
=985  \\$aLDO SERIALS - PLEASE PASS ALL ITEMS RECEIVED TO ISSN UK CENTRE.
=CAT  \\$a10973$b40$c20230518$lBLL01$h1322
=CAT  \\$a10973$b40$c20230518$lBLL01$h1327
=FMT  \\$a  SE
=LAS  \\$a10973$b40$c20230518$lBLL01$h1327

