=LDR  00912nas a22002778i 4500
=001  021056561
=003  Uk
=005  20230518141140.0
=007  ta
=008  230518c20249999enkqr\j\\\\\\\0\\\a0eng\\
=022  0\$a2976-9108$202
=040  \\$aUk$beng$cUk$erda
=222  \0$aElements in climate change and cities$b(Print)
=245  00$aElements in climate change and cities.
=263  \\$a202403
=264  \1$aCambridge :$bCambridge University Press & Assessment
=310  \\$aQuarterly
=336  \\$atext$2rdacontent
=337  \\$aunmediated$2rdamedia
=338  \\$avolume$2rdacarrier
=776  08$iAlso issued online as:$tElements in climate change and cities$x2976-9116
=985  \\$aLDO SERIALS - PLEASE PASS ALL ITEMS RECEIVED TO ISSN UK CENTRE.
=CAT  \\$a7152$b40$c20230518$lBLL01$h1411
=FMT  \\$a  SE
=LAS  \\$a7152$b40$c20230518$lBLL01$h1411
=LET  \0$aElements in climate change and cities (Print)

