=LDR  00801nas a22002658i 4500
=001  021059640
=003  Uk
=005  20230522134820.0
=007  ta
=008  230522c20239999enkmr\g\\\\\\\0\\\a0eng\\
=022  0\$a2976-7601$202
=040  \\$aUk$beng$cUk$erda
=222  \0$aWhat on Earth! magazine
=245  00$aWhat on Earth! magazine.
=263  \\$a202307
=264  \1$aTonbridge :$bWhat on Earth! Magazines Ltd
=310  \\$aMonthly
=336  \\$atext$2rdacontent
=337  \\$aunmediated$2rdamedia
=338  \\$avolume$2rdacarrier
=985  \\$aLDO SERIALS - PLEASE PASS ALL ITEMS RECEIVED TO ISSN UK CENTRE.
=985  \\$aC/T from ISSN 2755-1318 Britannica magazine. Please link on completion.
=CAT  \\$a10806$b40$c20230522$lBLL01$h1348
=FMT  \\$a  SE
=LAS  \\$a10806$b40$c20230522$lBLL01$h1348

