=LDR  00704nas a22002538i 4500
=001  021059654
=003  Uk
=005  20230522141622.0
=007  ta
=008  230522c20239999enkwr\n\\\\\\\0\\\a0eng\\
=022  0\$a2976-761X$202
=040  \\$aUk$beng$cUk$erda
=222  \0$aSouth London weekly
=245  00$aSouth London weekly.
=263  \\$a202306
=264  \1$aLondon :$bCommunity Matters Media Limited
=310  \\$aWeekly
=336  \\$atext$2rdacontent
=337  \\$aunmediated$2rdamedia
=338  \\$avolume$2rdacarrier
=985  \\$aLDO SERIALS - PLEASE PASS ALL ITEMS RECEIVED TO ISSN UK CENTRE.
=CAT  \\$a10806$b40$c20230522$lBLL01$h1416
=FMT  \\$a  SE
=LAS  \\$a10806$b40$c20230522$lBLL01$h1416

