=LDR  00963nas a22002778i 4500
=001  021060153
=003  Uk
=005  20230523141926.0
=007  ta
=008  230523c20239999enkqr\g\\\\\\\0\\\a0eng\\
=022  0\$a2976-9124$202
=040  \\$aUk$beng$cUk$erda
=222  \0$aLiving medieval$b(Print)
=245  00$aLiving medieval.
=263  \\$a202306
=264  \1$a[United Kingdom] :$bLiving Medieval
=310  \\$aQuarterly
=336  \\$atext$2rdacontent
=337  \\$aunmediated$2rdamedia
=338  \\$avolume$2rdacarrier
=985  \\$aAlso issued online as: Living medieval (Online) ISSN 2976-9122. Online already published May 2023, will be available in print in June 2023. Please make 776 links when completing. ISSN UK Centre. SB. 23.5.23
=985  \\$aLDO SERIALS - PLEASE PASS ALL ITEMS RECEIVED TO ISSN UK CENTRE.
=CAT  \\$a7152$b40$c20230523$lBLL01$h1419
=FMT  \\$a  SE
=LAS  \\$a7152$b40$c20230523$lBLL01$h1419
=LET  \0$aLiving medieval (Print)

