=LDR  00895nas a22002898i 4500
=001  021063654
=003  Uk
=005  20230524155024.0
=007  ta
=008  230524c20239999enktr\p\\\\\\\0\\\a0eng\\
=022  0\$a2976-9140$202
=040  \\$aUk$beng$cUk$erda
=222  \0$aCDH working papers$b(Print)
=245  00$aCDH working papers.
=246  23$aCambridge Digital Humanities working papers
=263  \\$a202307
=264  \1$aCambridge :$bCambridge Digital Humanities
=310  \\$aThree issues yearly
=336  \\$atext$2rdacontent
=337  \\$aunmediated$2rdamedia
=338  \\$avolume$2rdacarrier
=776  08$iAlso issued online as:$tCDH working papers$x2976-9159
=985  \\$aLDO SERIALS - PLEASE PASS ALL ITEMS RECEIVED TO ISSN UK CENTRE.
=CAT  \\$a7152$b40$c20230524$lBLL01$h1550
=FMT  \\$a  SE
=LAS  \\$a7152$b40$c20230524$lBLL01$h1550
=LET  \0$aCDH working papers (Print)

