=LDR  00662nas a22002538i 4500
=001  021064468
=003  Uk
=005  20230525154950.0
=007  ta
=008  230525c20239999enkfr\p\\\\\\\0\\\a0eng\\
=022  0\$a2976-8748$202
=040  \\$aUk$beng$cUk$erda
=222  \0$aBagel
=245  00$aBagel.
=263  \\$a202307
=264  \1$aLondon :$bSHOT Magazine
=310  \\$aSemiannual
=336  \\$atext$2rdacontent
=337  \\$aunmediated$2rdamedia
=338  \\$avolume$2rdacarrier
=985  \\$aLDO SERIALS - PLEASE PASS ALL ITEMS RECEIVED TO ISSN UK CENTRE.
=CAT  \\$a10973$b40$c20230525$lBLL01$h1549
=FMT  \\$a  SE
=LAS  \\$a10973$b40$c20230525$lBLL01$h1549

