=LDR  00700nas a22002658i 4500
=001  021065051
=003  Uk
=005  20230526074833.0
=007  ta
=008  230526c20239999enkmr\p\\\\\\\0\\\a0eng\\
=022  0\$a2976-8764$202
=040  \\$aUk$beng$cUk$erda
=222  \0$aPOPIN
=245  00$aPOPIN.
=246  3\$aPop in
=263  \\$a202306
=264  \1$aEpping :$bKids Active Book Publishers Ltd
=310  \\$aMonthly
=336  \\$atext$2rdacontent
=337  \\$aunmediated$2rdamedia
=338  \\$avolume$2rdacarrier
=985  \\$aLDO SERIALS - PLEASE PASS ALL ITEMS RECEIVED TO ISSN UK CENTRE.
=CAT  \\$a10973$b40$c20230526$lBLL01$h0748
=FMT  \\$a  SE
=LAS  \\$a10973$b40$c20230526$lBLL01$h0748

