=LDR  00954nas a22002778i 4500
=001  021071135
=003  Uk
=005  20230531101355.0
=007  ta
=008  230531c20229999enkqr\j\\\\\\\0\\\a0eng\\
=022  0\$a2976-8780$202
=040  \\$aUk$beng$cUk$erda
=222  \0$aOccupational psychology outlook$b(Print)
=245  00$aOccupational psychology outlook.
=263  \\$a202312
=264  \1$aLeicester :$bBritish Psychological Society
=310  \\$aQuarterly
=336  \\$atext$2rdacontent
=337  \\$aunmediated$2rdamedia
=338  \\$avolume$2rdacarrier
=985  \\$aISSN UK Centre: publisher intends to offer print on demand copies of the existing online title. Please link to ISSN 2753-426X on completion.
=985  \\$aLDO SERIALS - PLEASE PASS ALL ITEMS RECEIVED TO ISSN UK CENTRE.
=CAT  \\$a10973$b40$c20230531$lBLL01$h1013
=FMT  \\$a  SE
=LAS  \\$a10973$b40$c20230531$lBLL01$h1013
=LET  \0$aOccupational psychology outlook (Print)

