=LDR  01239nas a22002898i 4500
=001  021071178
=003  Uk
=005  20230531111408.0
=007  ta
=008  230531c20189999enkfr\p\\\\\\\0\\\a0eng\\
=022  0\$a2976-8799$202
=040  \\$aUk$beng$cUk$erda
=222  \0$aPsychology of women and equalities review$b(Print)
=245  00$aPsychology of women and equalities review.
=263  \\$a202312
=264  \1$aLeicester :$bThe British Psychological Society
=310  \\$aSemiannual
=336  \\$atext$2rdacontent
=337  \\$aunmediated$2rdamedia
=338  \\$avolume$2rdacarrier
=985  \\$aISSN UK Centre: publisher to offer print on demand copies of existing online publication. Please link to online version ISSN 2517-4932 on completion.
=985  \\$aISSN UK Centre: change of title from 'Psychology of Women Section review' ISSN 1466-3724. Please link on completion. See also Psychology of women and equalities review compendium ISSN 2632-0592, please also link as required.
=985  \\$aLDO SERIALS - PLEASE PASS ALL ITEMS RECEIVED TO ISSN UK CENTRE.
=CAT  \\$a10973$b40$c20230531$lBLL01$h1114
=FMT  \\$a  SE
=LAS  \\$a10973$b40$c20230531$lBLL01$h1114
=LET  \0$aPsychology of women and equalities review (Print)

