=LDR  00660nas a22002538i 4500
=001  021071276
=003  Uk
=005  20230531132117.0
=007  ta
=008  230531c20239999enkmr\p\\\\\\\0\\\a0eng\\
=022  0\$a2976-8802$202
=040  \\$aUk$beng$cUk$erda
=222  \0$aFlint
=245  00$aFlint.
=263  \\$a202306
=264  \1$aColchester :$bErro Press
=310  \\$aMonthly
=336  \\$atext$2rdacontent
=337  \\$aunmediated$2rdamedia
=338  \\$avolume$2rdacarrier
=985  \\$aLDO SERIALS - PLEASE PASS ALL ITEMS RECEIVED TO ISSN UK CENTRE.
=CAT  \\$a10973$b40$c20230531$lBLL01$h1321
=FMT  \\$a  SE
=LAS  \\$a10973$b40$c20230531$lBLL01$h1321

