=LDR  00869nas a22002778i 4500
=001  021072613
=003  Uk
=005  20230602090835.0
=007  ta
=008  230602c20249999enkbr\m\\\\\\\0\\\a0eng\\
=022  0\$a2976-7636$202
=040  \\$aUk$beng$cUk$erda
=222  \0$aElements in health humanities$b(Print)
=245  00$aElements in health humanities.
=263  \\$a202406
=264  \1$aCambridge :$bCambridge University Press
=310  \\$aBimonthly
=336  \\$atext$2rdacontent
=337  \\$aunmediated$2rdamedia
=338  \\$avolume$2rdacarrier
=776  08$iAlso issued online as:$tElements in health humanities$x2976-7644
=985  \\$aLDO SERIALS - PLEASE PASS ALL ITEMS RECEIVED TO ISSN UK CENTRE.
=CAT  \\$a10806$b40$c20230602$lBLL01$h0908
=FMT  \\$a  SE
=LAS  \\$a10806$b40$c20230602$lBLL01$h0908
=LET  \0$aElements in health humanities (Print)

