=LDR  00789nas a22002778i 4500
=001  021077770
=003  Uk
=005  20230605075213.0
=007  ta
=008  230605c20239999enkfr\\\\\\\\\0\\\a0eng\\
=022  0\$a2976-7679$202
=040  \\$aUk$beng$cUk$erda
=222  \0$aFairies$b(Sheffield. Print)
=245  00$aFairies.
=263  \\$a202307
=264  \1$aSheffield :$bMars Nicoli
=310  \\$aSemiannual
=336  \\$atext$2rdacontent
=337  \\$aunmediated$2rdamedia
=338  \\$avolume$2rdacarrier
=985  \\$aPlease link to ISSN 2976-7563 (Online) on completion.
=985  \\$aLDO SERIALS - PLEASE PASS ALL ITEMS RECEIVED TO ISSN UK CENTRE.
=CAT  \\$a10806$b40$c20230605$lBLL01$h0752
=FMT  \\$a  SE
=LAS  \\$a10806$b40$c20230605$lBLL01$h0752
=LET  \0$aFairies (Print)

