=LDR  00760cas a22002658i 4500
=001  021078193
=003  Uk
=005  20230607113920.0
=007  ta
=008  230606c20239999enkmr\p\\\\\\\0\\\a0eng\\
=022  0\$a2976-8810$202
=040  \\$aUk$beng$cUk$erda
=222  \4$aThe best magazine$b(Qualify)
=245  04$aThe best magazine.
=263  \\$a202306
=264  \1$aLondon :$bLondon Y.E.S Ltd Media Service
=310  \\$aMonthly
=336  \\$atext$2rdacontent
=337  \\$aunmediated$2rdamedia
=338  \\$avolume$2rdacarrier
=985  \\$aLDO SERIALS - PLEASE PASS ALL ITEMS RECEIVED TO ISSN UK CENTRE.
=CAT  \\$a10973$b40$c20230606$lBLL01$h0934
=CAT  \\$a10973$b40$c20230607$lBLL01$h1139
=FMT  \\$a  SE
=LAS  \\$a10973$b40$c20230607$lBLL01$h1139

