=LDR  01133nas a22003018i 4500
=001  021083938
=003  Uk
=005  20230609115107.0
=007  ta
=008  230609c20249999cauqr\p\\\\\\\0\\\a0eng\\
=022  0\$a2976-8829$202
=040  \\$aUk$beng$cUk$erda
=222  \0$aInternational journal of commerce and contracting$b(Print)
=245  00$aInternational journal of commerce and contracting.
=263  \\$a202403
=264  \1$aThousand Oaks :$bSAGE
=310  \\$aQuarterly
=336  \\$atext$2rdacontent
=337  \\$aunmediated$2rdamedia
=338  \\$avolume$2rdacarrier
=776  08$iAlso issued online as:$tInternational journal of commerce and contracting$x2976-8837
=985  \\$aISSN UK Centre: change of title from 'Journal of strategic contracting and negotiation (ISSN 2055-5636). Please add 78X/LKR as required.
=985  \\$aLDO SERIALS - PLEASE PASS ALL ITEMS RECEIVED TO ISSN UK CENTRE.
=CAT  \\$a10973$b40$c20230609$lBLL01$h1149
=CAT  \\$a10973$b40$c20230609$lBLL01$h1151
=FMT  \\$a  SE
=LAS  \\$a10973$b40$c20230609$lBLL01$h1151
=LET  \0$aInternational journal of commerce and contracting (Print)

