=LDR  00915nas a22002898i 4500
=001  021087482
=003  Uk
=005  20230612125815.0
=007  ta
=008  230612c20239999enkar\j\\\\\\\0\\\a0eng\\
=022  0\$a2976-7709$202
=040  \\$aUk$beng$cUk$erda
=222  \0$aDiscrimination$b(Qualify. Print)
=245  00$aDiscrimination.
=263  \\$a202305
=264  \1$aSale, Cheshire :$bTransnational Press London
=310  \\$aAnnual
=336  \\$atext$2rdacontent
=337  \\$aunmediated$2rdamedia
=338  \\$avolume$2rdacarrier
=776  08$iAlso issued online as:$tDiscrimination$x2976-7717
=985  \\$aLDO SERIALS - PLEASE PASS ALL ITEMS RECEIVED TO ISSN UK CENTRE.
=985  \\$aC/T from Journal of Gypsy Studies (ISSN 2515-3064). Please link on completion.
=CAT  \\$a10806$b40$c20230612$lBLL01$h1258
=FMT  \\$a  SE
=LAS  \\$a10806$b40$c20230612$lBLL01$h1258
=LET  \0$aDiscrimination (Print)

