=LDR  00816nas a22002778i 4500
=001  021087502
=003  Uk
=005  20230612135457.0
=007  ta
=008  230612c20239999enkqr\g\\\\\\\0\\\a0eng\\
=022  0\$a2976-7725$202
=040  \\$aUk$beng$cUk$erda
=222  \0$aNorth West living$b(Print)
=245  00$aNorth West living.
=263  \\$a202308
=264  \1$aNottingham :$bDevil Tree Media Ltd
=310  \\$aQuarterly
=336  \\$atext$2rdacontent
=337  \\$aunmediated$2rdamedia
=338  \\$avolume$2rdacarrier
=776  08$iAlso issued online as:$tNorth West living$x2976-7733
=985  \\$aLDO SERIALS - PLEASE PASS ALL ITEMS RECEIVED TO ISSN UK CENTRE.
=CAT  \\$a10806$b40$c20230612$lBLL01$h1354
=FMT  \\$a  SE
=LAS  \\$a10806$b40$c20230612$lBLL01$h1354
=LET  \0$aNorth West living (Print)

