=LDR  00876nas a22002778i 4500
=001  021087854
=003  Uk
=005  20230613082301.0
=007  ta
=008  230613c20229999enkar\p\\\\\\\0\\\a0eng\\
=022  0\$a2977-0106$202
=040  \\$aUk$beng$cUk$erda
=222  \4$aThe burner$b(Qualify)
=245  04$aThe burner.
=263  \\$a202306
=264  \1$aOxford :$bK. Jenkinson
=310  \\$aAnnual
=336  \\$atext$2rdacontent
=337  \\$aunmediated$2rdamedia
=338  \\$avolume$2rdacarrier
=985  \\$aISSN UK Centre note: Assigned as pre-pub, although first issue already published in June 2022. Complete when issue 2 arrives. ISSN UK, 13.06.2023.
=985  \\$aLDO SERIALS - PLEASE PASS ALL ITEMS RECEIVED TO ISSN UK CENTRE.
=CAT  \\$a11313$b40$c20230613$lBLL01$h0823
=FMT  \\$a  SE
=LAS  \\$a11313$b40$c20230613$lBLL01$h0823
=LET  \4$aThe burner (Print)

