=LDR  00987nas a22002658i 4500
=001  021087900
=003  Uk
=005  20230613095049.0
=007  ta
=008  230613c20239999enkmr\g\\\\\\\0\\\a0eng\\
=022  0\$a2976-7741$202
=040  \\$aUk$beng$cUk$erda
=222  \4$aThe bridge$b(Qualify)
=245  04$aThe bridge :$bfor Berwick, Spittal, Tweedmouth & surrounds.
=263  \\$a202303
=264  \1$aBerwick-upon-Tweed :$bWendy Robertson
=310  \\$aMonthly
=336  \\$atext$2rdacontent
=337  \\$aunmediated$2rdamedia
=338  \\$avolume$2rdacarrier
=985  \\$aLDO SERIALS - PLEASE PASS ALL ITEMS RECEIVED TO ISSN UK CENTRE.
=985  \\$aPublisher has confirmed, no connection with 'A view from the bridge' (email received 13/06/23). PDF copy of issue 3 (May 2023) received as part of ISSN application process - see ISSN 'inbox replied to' folder (Richard, 13/06/23)
=CAT  \\$a10806$b40$c20230613$lBLL01$h0950
=FMT  \\$a  SE
=LAS  \\$a10806$b40$c20230613$lBLL01$h0950

