=LDR  00770nas a22002778i 4500
=001  021088017
=003  Uk
=005  20230613123403.0
=007  ta
=008  230613c20239999enkar\g\\\\\\\0\\\a0eng\\
=022  0\$a2976-775X$202
=040  \\$aUk$beng$cUk$erda
=222  \0$aFolDer$b(Qualify. Print)
=245  00$aFolDer.
=263  \\$a202306
=264  \1$aLondon :$bFrandisco Studio
=310  \\$aAnnual
=336  \\$atext$2rdacontent
=337  \\$aunmediated$2rdamedia
=338  \\$avolume$2rdacarrier
=776  08$iAlso issued online as:$tFolDer$x2976-7768
=985  \\$aLDO SERIALS - PLEASE PASS ALL ITEMS RECEIVED TO ISSN UK CENTRE.
=CAT  \\$a10806$b40$c20230613$lBLL01$h1234
=FMT  \\$a  SE
=LAS  \\$a10806$b40$c20230613$lBLL01$h1234
=LET  \0$aFolDer (Print)

