=LDR  01080cas a22003018i 4500
=001  021088102
=003  Uk
=005  20230823081222.0
=007  ta
=008  230613c20239999enkfr\j\\\\\\\0\\\a0eng\\
=022  0\$a2976-7776$202
=040  \\$aUk$beng$cUk$erda
=222  \0$aAfrican journal of human kinetics, recreation and health studies$b(Print)
=245  00$aAfrican journal of human kinetics, recreation and health studies.
=246  30$aAJHKRHS
=263  \\$a202306
=264  \1$aLondon :$bAdonis & Abbey Publishers Ltd
=310  \\$aSemiannual
=336  \\$atext$2rdacontent
=337  \\$aunmediated$2rdamedia
=338  \\$avolume$2rdacarrier
=985  \\$aLDO SERIALS - PLEASE PASS ALL ITEMS RECEIVED TO ISSN UK CENTRE.
=985  \\$aISSN UK Centre: see online version ISSN 2976-7784, please add 776 to both records on completion.
=CAT  \\$a10806$b40$c20230613$lBLL01$h1415
=CAT  \\$a10973$b40$c20230823$lBLL01$h0812
=FMT  \\$a  SE
=LAS  \\$a10973$b40$c20230823$lBLL01$h0812
=LET  \0$aAfrican journal of human kinetics, recreation and health studies (Print)

