=LDR  00709nas a22002658i 4500
=001  021092051
=003  Uk
=005  20230615134836.0
=007  ta
=008  230615c20239999enkfr\g\\\\\\\0\\\a0eng\\
=022  0\$a2976-7792$202
=040  \\$aUk$beng$cUk$erda
=222  \0$asensor$b(Qualify)
=245  00$asensor.
=263  \\$a202306
=264  \1$aSheffield :$bLuke W. Moody
=310  \\$aSemiannual
=336  \\$atext$2rdacontent
=337  \\$aunmediated$2rdamedia
=338  \\$avolume$2rdacarrier
=985  \\$aLDO SERIALS - PLEASE PASS ALL ITEMS RECEIVED TO ISSN UK CENTRE.
=CAT  \\$a10806$b40$c20230615$lBLL01$h1348
=FMT  \\$a  SE
=LAS  \\$a10806$b40$c20230615$lBLL01$h1348
=LET  \0$asensor (Print)

