=LDR  01274nas a22002898i 4500
=001  021092904
=003  Uk
=005  20230616154733.0
=007  ta
=008  230616c20219999enkar\p\\\\\\\0\\\a0eng\\
=022  0\$a2976-8942$202
=040  \\$aUk$beng$cUk$erda
=222  \4$aThe Seabird Monitoring Programme ... UK population trends and causes of change$b(Print)
=245  04$aThe Seabird Monitoring Programme ... UK population trends and causes of change.
=263  \\$a202310
=264  \1$aThetford :$bBritish Trust for Ornithology
=310  \\$aAnnual
=336  \\$atext$2rdacontent
=337  \\$aunmediated$2rdamedia
=338  \\$avolume$2rdacarrier
=776  08$iAlso issued online as:$tSeabird Monitoring Programme ... UK population trends and causes of change$x2976-8950
=985  \\$aISSN UK Centre: The first report will cover two years (2021/22) to catch up and should be published later this summer/autumn, the 2023 report will be a standard one-year coverage and published in 2024.
=985  \\$aLDO SERIALS - PLEASE PASS ALL ITEMS RECEIVED TO ISSN UK CENTRE.
=CAT  \\$a10973$b40$c20230616$lBLL01$h1547
=FMT  \\$a  SE
=LAS  \\$a10973$b40$c20230616$lBLL01$h1547
=LET  \4$aSeabird Monitoring Programme ... UK population trends and causes of change (Print)

