=LDR  00644nas a22002418i 4500
=001  021092927
=003  Uk
=005  20230616163954.0
=007  ta
=008  230616c20239999stkqr\p\\\\\\\0\\\a0eng\\
=022  0\$a2976-8969$202
=040  \\$aUk$beng$cUk$erda
=222  \0$aKaptured
=245  00$aKaptured.
=263  \\$a202310
=264  \1$aEast Kilbride :$bN. Punter
=336  \\$atext$2rdacontent
=337  \\$aunmediated$2rdamedia
=338  \\$avolume$2rdacarrier
=985  \\$aLDO SERIALS - PLEASE PASS ALL ITEMS RECEIVED TO ISSN UK CENTRE.
=CAT  \\$a10973$b40$c20230616$lBLL01$h1639
=FMT  \\$a  SE
=LAS  \\$a10973$b40$c20230616$lBLL01$h1639

