=LDR  00897nas a22002778i 4500
=001  021093619
=003  Uk
=005  20230619085444.0
=007  ta
=008  230619c20259999enkzr\\\\\\\\\1\\\a0eng\\
=022  0\$a2976-7806$202
=040  \\$aUk$beng$cUk$erda
=222  \0$aEnergy geoscience conference series$b(Print)
=245  00$aEnergy geoscience conference series.
=263  \\$a202505
=264  \1$aBath :$bGeological Society of London
=310  \\$aEvery four years
=336  \\$atext$2rdacontent
=337  \\$aunmediated$2rdamedia
=338  \\$avolume$2rdacarrier
=776  08$iAlso issued online as:$tEnergy geoscience conference series$x2976-7814
=985  \\$aLDO SERIALS - PLEASE PASS ALL ITEMS RECEIVED TO ISSN UK CENTRE.
=CAT  \\$a10806$b40$c20230619$lBLL01$h0854
=FMT  \\$a  SE
=LAS  \\$a10806$b40$c20230619$lBLL01$h0854
=LET  \0$aEnergy geoscience conference series (Print)

