=LDR  00838nas a22002778i 4500
=001  021115144
=003  Uk
=005  20230621131801.0
=007  ta
=008  230621c20239999enkar\p\\\\\\\0\\\a0eng\\
=022  0\$a2977-1218$202
=040  \\$aUk$beng$cUk$erda
=222  \0$aNext generation biologist$b(Print)
=245  00$aNext generation biologist.
=263  \\$a202309
=264  \1$aCullompton :$bWMA Press Ltd
=310  \\$aAnnual
=336  \\$atext$2rdacontent
=337  \\$aunmediated$2rdamedia
=338  \\$avolume$2rdacarrier
=776  08$iAlso issued online as:$tNext generation biologist$x2977-1226
=985  \\$aLDO SERIALS - PLEASE PASS ALL ITEMS RECEIVED TO ISSN UK CENTRE.
=CAT  \\$a10973$b40$c20230621$lBLL01$h1318
=FMT  \\$a  SE
=LAS  \\$a10973$b40$c20230621$lBLL01$h1318
=LET  \0$aNext generation biologist (Print)

