=LDR  00848nas a22002658i 4500
=001  021115161
=003  Uk
=005  20230621135242.0
=007  ta
=008  230621c20249999enk\x\m\\\\\\\0\\\a0eng\\
=022  0\$a2977-1234$202
=040  \\$aUk$beng$cUk$erda
=222  \0$aCambridge elements in language evolution$b(Print)
=245  00$aCambridge elements in language evolution.
=263  \\$a202406
=264  \1$aCambridge :$bCambridge University Press
=310  \\$aIrregular
=336  \\$atext$2rdacontent
=337  \\$aunmediated$2rdamedia
=338  \\$avolume$2rdacarrier
=776  08$iAlso issued online as:$tCambridge elements in language evolution$x2977-1242
=985  \\$aLDO SERIALS - PLEASE PASS ALL ITEMS RECEIVED TO ISSN UK CENTRE.
=CAT  \\$a10973$b40$c20230621$lBLL01$h1352
=FMT  \\$a  SE
=LAS  \\$a10973$b40$c20230621$lBLL01$h1352

