=LDR  00929nas a22002778i 4500
=001  021115170
=003  Uk
=005  20230621140113.0
=007  ta
=008  230621c20249999enk\x\m\\\\\\\0\\\a0eng\\
=022  0\$a2977-1250$202
=040  \\$aUk$beng$cUk$erda
=222  \0$aCambridge elements in the history of English$b(Print)
=245  00$aCambridge elements in the history of English.
=263  \\$a202406
=264  \1$aCambridge :$bCambridge University Press
=310  \\$aIrregular
=336  \\$atext$2rdacontent
=337  \\$aunmediated$2rdamedia
=338  \\$avolume$2rdacarrier
=776  08$iAlso issued online as:$tCambridge elements in the history of English$x2977-1269
=985  \\$aLDO SERIALS - PLEASE PASS ALL ITEMS RECEIVED TO ISSN UK CENTRE.
=CAT  \\$a10973$b40$c20230621$lBLL01$h1401
=FMT  \\$a  SE
=LAS  \\$a10973$b40$c20230621$lBLL01$h1401
=LET  \0$aCambridge elements in the history of English (Print)

