=LDR  01247nas a22003018i 4500
=001  021115983
=003  Uk
=005  20230622120506.0
=007  ta
=008  230622c20239999enkar\p\\\\\\\0\\\a0eng\\
=022  0\$a2977-1293$202
=040  \\$aUk$beng$cUk$erda
=222  \0$aAnnual supplement of the international register and checklist of orchid hybrids (Sander's List)$b(Print)
=245  00$aAnnual supplement of the international register and checklist of orchid hybrids (Sander's List).
=263  \\$a202310
=264  \1$aLondon :$bRoyal Horticultural Society
=310  \\$aAnnual
=336  \\$atext$2rdacontent
=337  \\$aunmediated$2rdamedia
=338  \\$avolume$2rdacarrier
=776  08$iAlso issued online as:$tAnnual supplement of the international register and checklist of orchid hybrids (Sander's List)$x2977-1307
=985  \\$aLDO SERIALS - PLEASE PASS ALL ITEMS RECEIVED TO ISSN UK CENTRE.
=985  \\$aISSN UK Centre: please link to 007204137 if required.
=CAT  \\$a10973$b40$c20230622$lBLL01$h1204
=CAT  \\$a10973$b40$c20230622$lBLL01$h1205
=FMT  \\$a  SE
=LAS  \\$a10973$b40$c20230622$lBLL01$h1205
=LET  \0$aAnnual supplement of the international register and checklist of orchid hybrids (Sander's List) (Print)

