=LDR  00933nas a22002898i 4500
=001  021115998
=003  Uk
=005  20230622122011.0
=007  ta
=008  230622c20239999wlkwr\p\\\\\\\0\\\a0eng\\
=022  0\$a2977-1315$202
=040  \\$aUk$beng$cUk$erda
=222  \4$aThe power of crystals journal & guide$b(Print)
=245  04$aThe power of crystals journal & guide.
=246  3\$aPower of crystals journal and guide
=263  \\$a202308
=264  \1$aRhos On Sea :$bK. Meredith
=310  \\$aWeekly
=336  \\$atext$2rdacontent
=337  \\$aunmediated$2rdamedia
=338  \\$avolume$2rdacarrier
=776  08$iAlso issued online as:$tPower of crystals journal & guide$x2977-1323
=985  \\$aLDO SERIALS - PLEASE PASS ALL ITEMS RECEIVED TO ISSN UK CENTRE.
=CAT  \\$a10973$b40$c20230622$lBLL01$h1220
=FMT  \\$a  SE
=LAS  \\$a10973$b40$c20230622$lBLL01$h1220
=LET  \4$aThe power of crystals journal & guide (Print)

