=LDR  01048nas a22002898i 4500
=001  021116073
=003  Uk
=005  20230622142554.0
=007  ta
=008  230622c20249999enk\x\m\\\\\\\0\\\a0eng\\
=022  0\$a2977-134X$202
=040  \\$aUk$beng$cUk$erda
=222  \0$aCambridge elements in economic history$b(Print)
=245  00$aCambridge elements in economic history.
=263  \\$a202406
=264  \1$aCambridge :$bCambridge University Press
=310  \\$aIrregular
=336  \\$atext$2rdacontent
=337  \\$aunmediated$2rdamedia
=338  \\$avolume$2rdacarrier
=776  08$iAlso issued online as:$tCambridge elements in economic history$x2977-1358
=985  \\$aISSN UK Centre: publisher confirms this is a separate series to 'Cambridge elements in history of economics' (ISSN 2976-8071).
=985  \\$aLDO SERIALS - PLEASE PASS ALL ITEMS RECEIVED TO ISSN UK CENTRE.
=CAT  \\$a10973$b40$c20230622$lBLL01$h1425
=FMT  \\$a  SE
=LAS  \\$a10973$b40$c20230622$lBLL01$h1425
=LET  \0$aCambridge elements in economic history (Print)

