=LDR  00763nas a22002778i 4500
=001  021116525
=003  Uk
=005  20230623112726.0
=007  ta
=008  230623c20239999enkqr\p\\\\\\\0\\\a0eng\\
=022  0\$a2977-1366$202
=040  \\$aUk$beng$cUk$erda
=222  \0$aGazine$b(Print)
=245  00$aGazine.
=263  \\$a202310
=264  \1$aLondon :$bK. Constantinou
=310  \\$aQuarterly
=336  \\$atext$2rdacontent
=337  \\$aunmediated$2rdamedia
=338  \\$avolume$2rdacarrier
=776  08$iAlso issued online as:$tGazine$x2977-1374
=985  \\$aLDO SERIALS - PLEASE PASS ALL ITEMS RECEIVED TO ISSN UK CENTRE.
=CAT  \\$a10973$b40$c20230623$lBLL01$h1127
=FMT  \\$a  SE
=LAS  \\$a10973$b40$c20230623$lBLL01$h1127
=LET  \0$aGazine (Print)

