=LDR  00733nas a22002658i 4500
=001  021116655
=003  Uk
=005  20230623164344.0
=007  ta
=008  230623c20239999enkar\g\\\\\\\0\\\a0eng\\
=022  0\$a2976-9280$202
=040  \\$aUk$beng$cUk$erda
=222  \0$aTees Valley guide
=245  00$aTees Valley guide.
=263  \\$a202307
=264  \1$aStocksfield :$bOffstone Publishing
=310  \\$aAnnual
=336  \\$atext$2rdacontent
=337  \\$aunmediated$2rdamedia
=338  \\$avolume$2rdacarrier
=985  \\$aLDO SERIALS - PLEASE PASS ALL ITEMS RECEIVED TO ISSN UK CENTRE.
=CAT  \\$a7152$b40$c20230623$lBLL01$h1643
=FMT  \\$a  SE
=LAS  \\$a7152$b40$c20230623$lBLL01$h1643
=LET  \0$aTees Valley guide (Print)

