=LDR  01110nas a22002778i 4500
=001  021118049
=003  Uk
=005  20230627105056.0
=007  ta
=008  230627c20239999enkmr\g\\\\\\\0\\\a0eng\\
=022  0\$a2976-9302$202
=040  \\$aUk$beng$cUk$erda
=222  \0$aFuture showcase series
=245  00$aFuture showcase series.
=263  \\$a202310
=264  \1$aLondon :$bFuture Publishing
=310  \\$aMonthly
=336  \\$atext$2rdacontent
=337  \\$aunmediated$2rdamedia
=338  \\$avolume$2rdacarrier
=985  \\$aQueried similar title ISSN application with publisher, confirmed that they are two different series 'showcase' and 'spotlight' (ISSN 2976-9299), covering different content = "Future Spotlight will be in the women's lifestyle sector, whilst Future Showcase will be general interest, covering topics like sport and history." ISSN UK Centre, SB, 27.6.23.
=985  \\$aLDO SERIALS - PLEASE PASS ALL ITEMS RECEIVED TO ISSN UK CENTRE.
=CAT  \\$a7152$b40$c20230627$lBLL01$h1050
=FMT  \\$a  SE
=LAS  \\$a7152$b40$c20230627$lBLL01$h1050
=LET  \0$aFuture showcase series (Print)

