=LDR  00796nas a22002658i 4500
=001  021122640
=003  Uk
=005  20230629154935.0
=007  ta
=008  230629c20239999enkqr\p\\\\\\\0\\\a0eng\\
=022  0\$a2977-1404$202
=040  \\$aUk$beng$cUk$erda
=222  \4$aThe archive collection$b(Qualify)
=245  04$aThe archive collection
=263  \\$a202310
=264  \1$aYalding :$bKelsey Publishing
=310  \\$aQuarterly
=336  \\$atext$2rdacontent
=337  \\$aunmediated$2rdamedia
=338  \\$avolume$2rdacarrier
=985  \\$aISSN UK Centre: publisher confirms no connection with ISSN 2631-8555.
=985  \\$aLDO SERIALS - PLEASE PASS ALL ITEMS RECEIVED TO ISSN UK CENTRE.
=CAT  \\$a10973$b40$c20230629$lBLL01$h1549
=FMT  \\$a  SE
=LAS  \\$a10973$b40$c20230629$lBLL01$h1549

