=LDR  00858nas a22002778i 4500
=001  021123944
=003  Uk
=005  20230630155705.0
=007  ta
=008  230630c20249999enkfr\p\\\\\\\0\\\a0eng\\
=022  0\$a2977-1420$202
=040  \\$aUk$beng$cUk$erda
=222  \0$aJournal of connected speech$b(Print)
=245  00$aJournal of connected speech.
=263  \\$a202406
=264  \1$aSheffield :$bEquinox Publishing Ltd
=310  \\$aSemiannual
=336  \\$atext$2rdacontent
=337  \\$aunmediated$2rdamedia
=338  \\$avolume$2rdacarrier
=776  08$iAlso issued online as:$tJournal of connected speech$x2977-1439
=985  \\$aLDO SERIALS - PLEASE PASS ALL ITEMS RECEIVED TO ISSN UK CENTRE.
=CAT  \\$a10973$b40$c20230630$lBLL01$h1557
=FMT  \\$a  SE
=LAS  \\$a10973$b40$c20230630$lBLL01$h1557
=LET  \0$aJournal of connected speech (Print)

