=LDR  00891nas a22002778i 4500
=001  021126698
=003  Uk
=005  20230703145542.0
=007  ta
=008  230703c20259999enkfr\j\\\\\\\0\\\a0eng\\
=022  0\$a2976-7911$202
=040  \\$aUk$beng$cUk$erda
=222  \0$aInternational journal of Disney studies$b(Print)
=245  00$aInternational journal of Disney studies.
=263  \\$a202501
=264  \1$aBristol :$bIntellect
=310  \\$aSemiannual
=336  \\$atext$2rdacontent
=337  \\$aunmediated$2rdamedia
=338  \\$avolume$2rdacarrier
=776  08$iAlso issued online as:$tInternational journal of Disney studies$x2976-792X
=985  \\$aLDO SERIALS - PLEASE PASS ALL ITEMS RECEIVED TO ISSN UK CENTRE.
=CAT  \\$a10806$b40$c20230703$lBLL01$h1455
=FMT  \\$a  SE
=LAS  \\$a10806$b40$c20230703$lBLL01$h1455
=LET  \0$aInternational journal of Disney studies (Print)

