=LDR  00966nas a22003018i 4500
=001  021127196
=003  Uk
=005  20230704141157.0
=007  ta
=008  230704c20239999stkar\p\\\\\\\0\\\a0eng\\
=022  0\$a2977-019X$202
=040  \\$aUk$beng$cUk$erda
=222  \0$aCivicDundee
=245  00$aCivicDundee.
=246  13$aCivic Dundee
=263  \\$a202310
=264  \1$aDundee :$bDundee Civic Trust
=310  \\$aAnnual
=336  \\$atext$2rdacontent
=337  \\$aunmediated$2rdamedia
=338  \\$avolume$2rdacarrier
=985  \\$aISSN UK Centre note: C/T from City scene, ISSN 2753-7951 (final issue due to be 2022 issue), please add 78X and LKR fields when completing. ISSN UK, 04.07.2023.
=985  \\$aLDO SERIALS - PLEASE PASS ALL ITEMS RECEIVED TO ISSN UK CENTRE.
=CAT  \\$a11313$b40$c20230704$lBLL01$h1401
=CAT  \\$a11313$b40$c20230704$lBLL01$h1411
=FMT  \\$a  SE
=LAS  \\$a11313$b40$c20230704$lBLL01$h1411
=LET  \0$aCivicDundee (Print)

