=LDR  00923nas a22002778i 4500
=001  021134404
=003  Uk
=005  20230706111937.0
=007  ta
=008  230706c20249999enkbx\p\\\\\\\0\\\a0eng\\
=022  0\$a2977-0203$202
=040  \\$aUk$beng$cUk$erda
=222  \0$aCambridge elements in Christian doctrine$b(Print)
=245  00$aCambridge elements in Christian doctrine.
=263  \\$a202401
=264  \1$aCambridge :$bCambridge University Press
=310  \\$aEight issues yearly
=336  \\$atext$2rdacontent
=337  \\$aunmediated$2rdamedia
=338  \\$avolume$2rdacarrier
=776  08$iAlso issued online as:$tCambridge elements in Christian doctrine$x2977-0211
=985  \\$aLDO SERIALS - PLEASE PASS ALL ITEMS RECEIVED TO ISSN UK CENTRE.
=CAT  \\$a11313$b40$c20230706$lBLL01$h1119
=FMT  \\$a  SE
=LAS  \\$a11313$b40$c20230706$lBLL01$h1119
=LET  \0$aCambridge elements in Christian doctrine (Print)

