=LDR  00709nas a22002658i 4500
=001  021134973
=003  Uk
=005  20230707085841.0
=007  ta
=008  230707c20239999enkqr\p\\\\\\\0\\\a0eng\\
=022  0\$a2977-0238$202
=040  \\$aUk$beng$cUk$erda
=222  \0$aTangerine$b(Qualify)
=245  00$aTangerine.
=263  \\$a202310
=264  \1$aNorwich :$bA. Hook
=310  \\$aQuarterly
=336  \\$atext$2rdacontent
=337  \\$aunmediated$2rdamedia
=338  \\$avolume$2rdacarrier
=985  \\$aLDO SERIALS - PLEASE PASS ALL ITEMS RECEIVED TO ISSN UK CENTRE.
=CAT  \\$a11313$b40$c20230707$lBLL01$h0858
=FMT  \\$a  SE
=LAS  \\$a11313$b40$c20230707$lBLL01$h0858
=LET  \0$aTangerine (Print)

