=LDR  01126nas a22003018i 4500
=001  021135086
=003  Uk
=005  20230707105137.0
=007  ta
=008  230707c20249999enkqr\p\\\\\\\0\\\a0eng\\
=022  0\$a2977-0254$202
=040  \\$aUk$beng$cUk$erda
=222  \0$aInternational journal of prison health$b(Print)
=245  00$aInternational journal of prison health.
=263  \\$a202403
=264  \1$aBingley :$bEmerald Publishing Limited
=310  \\$aQuarterly
=336  \\$atext$2rdacontent
=337  \\$aunmediated$2rdamedia
=338  \\$avolume$2rdacarrier
=776  08$iAlso issued online as:$tInternational journal of prison health$x2977-0262
=985  \\$aLDO SERIALS - PLEASE PASS ALL ITEMS RECEIVED TO ISSN UK CENTRE.
=985  \\$aISSN UK Centre note: C/T from 'International journal of prisoner health' ISSN 1744-9200 - please add 78X and LKR fields when completing. ISSN UK, 07.07.2023.
=CAT  \\$a11313$b40$c20230707$lBLL01$h1049
=CAT  \\$a11313$b40$c20230707$lBLL01$h1051
=FMT  \\$a  SE
=LAS  \\$a11313$b40$c20230707$lBLL01$h1051
=LET  \0$aInternational journal of prison health (Print)

