=LDR  00788nas a22002778i 4500
=001  021137638
=003  Uk
=005  20230710103729.0
=007  ta
=008  230710c20239999enktr\p\\\\\\\0\\\a0eng\\
=022  0\$a2977-0270$202
=040  \\$aUk$beng$cUk$erda
=222  \0$aCruising$b(Qualify. Print)
=245  00$aCruising.
=263  \\$a202309
=264  \1$aOkehampton :$bM. Ryalls
=310  \\$aThree issues yearly
=336  \\$atext$2rdacontent
=337  \\$aunmediated$2rdamedia
=338  \\$avolume$2rdacarrier
=776  08$iAlso issued online as:$tCruising$x2977-0289
=985  \\$aLDO SERIALS - PLEASE PASS ALL ITEMS RECEIVED TO ISSN UK CENTRE.
=CAT  \\$a11313$b40$c20230710$lBLL01$h1037
=FMT  \\$a  SE
=LAS  \\$a11313$b40$c20230710$lBLL01$h1037
=LET  \0$aCruising (Print)

