=LDR  00681nas a22002538i 4500
=001  021137651
=003  Uk
=005  20230710111041.0
=007  ta
=008  230710c20239999enkar\g\\\\\\\0\\\a0eng\\
=022  0\$a2976-7970$202
=040  \\$aUk$beng$cUk$erda
=222  \0$aGLITCH$b(Qualify)
=245  00$aGLITCH.
=263  \\$a202309
=264  \1$aLondon :$bFernanda Ondarza Dovali
=310  \\$aAnnual
=336  \\$atext$2rdacontent
=337  \\$aunmediated$2rdamedia
=338  \\$avolume$2rdacarrier
=985  \\$aLDO SERIALS - PLEASE PASS ALL ITEMS RECEIVED TO ISSN UK CENTRE.
=CAT  \\$a10806$b40$c20230710$lBLL01$h1110
=FMT  \\$a  SE
=LAS  \\$a10806$b40$c20230710$lBLL01$h1110

