=LDR  00823nas a22002778i 4500
=001  021137994
=003  Uk
=005  20230711081907.0
=007  ta
=008  230711c20239999enkmx\p\\\\\\\0\\\a0eng\\
=022  0\$a2977-0300$202
=040  \\$aUk$beng$cUk$erda
=222  \0$aMorrisons quick crosswords
=245  00$aMorrisons quick crosswords.
=263  \\$a202310
=264  \1$aLondon :$bKeesing Media UK Ltd
=310  \\$aThirteen issues yearly
=336  \\$atext$2rdacontent
=337  \\$aunmediated$2rdamedia
=338  \\$avolume$2rdacarrier
=985  \\$aLDO SERIALS - PLEASE PASS ALL ITEMS RECEIVED TO ISSN UK CENTRE.
=CAT  \\$a11313$b40$c20230711$lBLL01$h0805
=CAT  \\$a11313$b40$c20230711$lBLL01$h0819
=FMT  \\$a  SE
=LAS  \\$a11313$b40$c20230711$lBLL01$h0819
=LET  \0$aMorrisons quick crosswords (Print)

