=LDR  00915nas a22002778i 4500
=001  021138033
=003  Uk
=005  20230711083213.0
=007  ta
=008  230711c20249999enkbx\p\\\\\\\0\\\a0eng\\
=022  0\$a2977-0319$202
=040  \\$aUk$beng$cUk$erda
=222  \0$aElements in early Christian literature$b(Print)
=245  00$aElements in early Christian literature.
=263  \\$a202412
=264  \1$aCambridge :$bCambridge University Press
=310  \\$aEight issues yearly
=336  \\$atext$2rdacontent
=337  \\$aunmediated$2rdamedia
=338  \\$avolume$2rdacarrier
=776  08$iAlso issued online as:$tElements in early Christian literature$x2977-0327
=985  \\$aLDO SERIALS - PLEASE PASS ALL ITEMS RECEIVED TO ISSN UK CENTRE.
=CAT  \\$a11313$b40$c20230711$lBLL01$h0832
=FMT  \\$a  SE
=LAS  \\$a11313$b40$c20230711$lBLL01$h0832
=LET  \0$aElements in early Christian literature (Print)

