=LDR  00726nas a22002658i 4500
=001  021141147
=003  Uk
=005  20230713072136.0
=007  ta
=008  230713c20239999enkar\g\\\\\\\0\\\a0eng\\
=022  0\$a2976-7989$202
=040  \\$aUk$beng$cUk$erda
=222  \0$aOverland$b(Qualify)
=245  00$aOverland.
=263  \\$a202309
=264  \1$aBurton upon Trent :$bAssignment Media Ltd
=310  \\$aAnnual
=336  \\$atext$2rdacontent
=337  \\$aunmediated$2rdamedia
=338  \\$avolume$2rdacarrier
=985  \\$aLDO SERIALS - PLEASE PASS ALL ITEMS RECEIVED TO ISSN UK CENTRE.
=CAT  \\$a10806$b40$c20230713$lBLL01$h0721
=FMT  \\$a  SE
=LAS  \\$a10806$b40$c20230713$lBLL01$h0721
=LET  \0$aOverland (Print)

