=LDR  00712nas a22002538i 4500
=001  021141494
=003  Uk
=005  20230713170810.0
=007  ta
=008  230713c20239999enkmx\p\\\\\\\0\\\a0eng\\
=022  0\$a2977-1528$202
=040  \\$aUk$beng$cUk$erda
=222  \0$aMorrisons puzzle variety
=245  00$aMorrisons puzzle variety.
=263  \\$a202310
=264  \1$aLondon :$bKeesing Media UK Ltd
=310  \\$a13 times a year
=336  \\$atext$2rdacontent
=337  \\$aunmediated$2rdamedia
=338  \\$avolume$2rdacarrier
=985  \\$aLDO SERIALS - PLEASE PASS ALL ITEMS RECEIVED TO ISSN UK CENTRE.
=CAT  \\$a10973$b40$c20230713$lBLL01$h1708
=FMT  \\$a  SE
=LAS  \\$a10973$b40$c20230713$lBLL01$h1708

