=LDR  00698nas a22002538i 4500
=001  021141968
=003  Uk
=005  20230714162029.0
=007  ta
=008  230714c20239999enkfr\p\\\\\\\0\\\a0eng\\
=022  0\$a2977-1552$202
=040  \\$aUk$beng$cUk$erda
=222  \0$aCanvas boxing journal
=245  00$aCanvas boxing journal.
=263  \\$a202308
=264  \1$aBrentwood :$bMatchroom Boxing
=310  \\$aSemiannual
=336  \\$atext$2rdacontent
=337  \\$aunmediated$2rdamedia
=338  \\$avolume$2rdacarrier
=985  \\$aLDO SERIALS - PLEASE PASS ALL ITEMS RECEIVED TO ISSN UK CENTRE.
=CAT  \\$a5508$b40$c20230714$lBLL01$h1620
=FMT  \\$a  SE
=LAS  \\$a5508$b40$c20230714$lBLL01$h1620

