=LDR  00779nas a22002778i 4500
=001  021143018
=003  Uk
=005  20230718091009.0
=007  ta
=008  230718c20239999enkqr\p\\\\\\\0\\\a0eng\\
=022  0\$a2977-0351$202
=040  \\$aUk$beng$cUk$erda
=222  \0$a10000 word puzzles
=245  00$a10000 word puzzles.
=246  3\$aTen thousand word puzzles
=263  \\$a202309
=264  \1$aLondon :$bKeesing Media UK Ltd
=310  \\$aQuarterly
=336  \\$atext$2rdacontent
=337  \\$aunmediated$2rdamedia
=338  \\$avolume$2rdacarrier
=985  \\$aLDO SERIALS - PLEASE PASS ALL ITEMS RECEIVED TO ISSN UK CENTRE.
=CAT  \\$a11313$b40$c20230718$lBLL01$h0910
=FMT  \\$a  SE
=LAS  \\$a11313$b40$c20230718$lBLL01$h0910
=LET  \0$a10000 word puzzles (Print)

