=LDR  00734nas a22002538i 4500
=001  021146093
=003  Uk
=005  20230719141302.0
=007  ta
=008  230719c20249999enkwr\p\\\\\\\0\\\a0eng\\
=022  0\$a2977-1560$202
=040  \\$aUk$beng$cUk$erda
=222  \0$aISS build the International Space Station
=245  00$aISS build the International Space Station.
=263  \\$a202401
=264  \1$aLondon :$bDeAgostini UK Ltd
=310  \\$aWeekly
=336  \\$atext$2rdacontent
=337  \\$aunmediated$2rdamedia
=338  \\$avolume$2rdacarrier
=985  \\$aLDO SERIALS - PLEASE PASS ALL ITEMS RECEIVED TO ISSN UK CENTRE.
=CAT  \\$a10973$b40$c20230719$lBLL01$h1413
=FMT  \\$a  SE
=LAS  \\$a10973$b40$c20230719$lBLL01$h1413

