=LDR  00830cas a22002898i 4500
=001  021149172
=003  Uk
=005  20230726083011.0
=007  ta
=008  230725c20239999wlkqr\g\\\\\\\0\\\b0wel\\
=022  0\$a2977-3520$202
=040  \\$aUk$beng$cUk$erda
=222  \0$aHanes byw$b(Print)
=245  00$aHanes byw.
=263  \\$a202309
=264  \1$aPwllheli :$bGwasg Carreg Gwalch
=310  \\$aQuarterly
=336  \\$atext$2rdacontent
=337  \\$aunmediated$2rdamedia
=338  \\$avolume$2rdacarrier
=776  08$iAlso issued online as:$tHanes byw$x2977-3563
=985  \\$aLDO SERIALS - PLEASE PASS ALL ITEMS RECEIVED TO ISSN UK CENTRE.
=CAT  \\$a10806$b40$c20230725$lBLL01$h1050
=CAT  \\$a10806$b40$c20230726$lBLL01$h0830
=FMT  \\$a  SE
=LAS  \\$a10806$b40$c20230726$lBLL01$h0830
=LET  \0$aHanes byw (Print)

