=LDR  00938nas a22002778i 4500
=001  021152932
=003  Uk
=005  20230727123337.0
=007  ta
=008  230727c20249999enkbx\m\\\\\\\0\\\a0eng\\
=022  0\$a2977-0408$202
=040  \\$aUk$beng$cUk$erda
=222  \0$aCambridge elements in the history of fascism$b(Print)
=245  00$aCambridge elements in the history of fascism.
=263  \\$a202402
=264  \1$aCambridge :$bCambridge University Press
=310  \\$aFive issues yearly
=336  \\$atext$2rdacontent
=337  \\$aunmediated$2rdamedia
=338  \\$avolume$2rdacarrier
=776  08$iAlso issued online as:$tCambridge elements in the history of fascism$x2977-0416
=985  \\$aLDO SERIALS - PLEASE PASS ALL ITEMS RECEIVED TO ISSN UK CENTRE.
=CAT  \\$a11313$b40$c20230727$lBLL01$h1233
=FMT  \\$a  SE
=LAS  \\$a11313$b40$c20230727$lBLL01$h1233
=LET  \0$aCambridge elements in the history of fascism (Print)

