=LDR  00716nas a22002538i 4500
=001  021153174
=003  Uk
=005  20230728081411.0
=007  ta
=008  230728c20239999enkmx\p\\\\\\\0\\\a0eng\\
=022  0\$a2977-1587$202
=040  \\$aUk$beng$cUk$erda
=222  \0$aMorrisons giant crosswords
=245  00$aMorrisons giant crosswords.
=263  \\$a202310
=264  \1$aLondon :$bKeesing Media UK Ltd
=310  \\$a13 times a year
=336  \\$atext$2rdacontent
=337  \\$aunmediated$2rdamedia
=338  \\$avolume$2rdacarrier
=985  \\$aLDO SERIALS - PLEASE PASS ALL ITEMS RECEIVED TO ISSN UK CENTRE.
=CAT  \\$a10973$b40$c20230728$lBLL01$h0814
=FMT  \\$a  SE
=LAS  \\$a10973$b40$c20230728$lBLL01$h0814

