=LDR  00777nas a22002778i 4500
=001  021155805
=003  Uk
=005  20230801082722.0
=007  ta
=008  230801c20239999enkmr\g\\\\\\\0\\\a0eng\\
=022  0\$a2977-0432$202
=040  \\$aUk$beng$cUk$erda
=222  \4$aThe rinkler$b(Print)
=245  04$aThe rinkler.
=263  \\$a202309
=264  \1$aOundle :$bThe Rinkler Ltd
=310  \\$aMonthly
=336  \\$atext$2rdacontent
=337  \\$aunmediated$2rdamedia
=338  \\$avolume$2rdacarrier
=776  08$iAlso issued online as:$tRinkler$x2977-0440
=985  \\$aLDO SERIALS - PLEASE PASS ALL ITEMS RECEIVED TO ISSN UK CENTRE.
=CAT  \\$a11313$b40$c20230801$lBLL01$h0827
=FMT  \\$a  SE
=LAS  \\$a11313$b40$c20230801$lBLL01$h0827
=LET  \4$aThe rinkler (Print)

