=LDR  00789nas a22002658i 4500
=001  021163051
=003  Uk
=005  20230803092528.0
=007  ta
=008  230803c20249999enkwr\p\\\\\\\0\\\a0eng\\
=022  0\$a2977-1609$202
=040  \\$aUk$beng$cUk$erda
=222  \0$aBuild the fast & furious Nissan Skyline
=245  00$aBuild the fast & furious Nissan Skyline.
=246  3\$aBuild the fast and furious Nissan Skyline
=263  \\$a202401
=264  \1$aLondon :$bDe Agostini UK Ltd
=310  \\$aWeekly
=336  \\$atext$2rdacontent
=337  \\$aunmediated$2rdamedia
=338  \\$avolume$2rdacarrier
=985  \\$aLDO SERIALS - PLEASE PASS ALL ITEMS RECEIVED TO ISSN UK CENTRE.
=CAT  \\$a10973$b40$c20230803$lBLL01$h0925
=FMT  \\$a  SE
=LAS  \\$a10973$b40$c20230803$lBLL01$h0925

