=LDR  00685nas a22002538i 4500
=001  021164407
=003  Uk
=005  20230804082141.0
=007  ta
=008  230804c20239999enkfr\g\\\\\\\0\\\a0eng\\
=022  0\$a2977-3628$202
=040  \\$aUk$beng$cUk$erda
=222  \0$aPopular front
=245  00$aPopular front.
=263  \\$a202309
=264  \1$aManchester :$bHanrahan TV Ltd.
=310  \\$aSemiannual
=336  \\$atext$2rdacontent
=337  \\$aunmediated$2rdamedia
=338  \\$avolume$2rdacarrier
=985  \\$aLDO SERIALS - PLEASE PASS ALL ITEMS RECEIVED TO ISSN UK CENTRE.
=CAT  \\$a10806$b40$c20230804$lBLL01$h0821
=FMT  \\$a  SE
=LAS  \\$a10806$b40$c20230804$lBLL01$h0821

