=LDR  00745nas a22002778i 4500
=001  021164409
=003  Uk
=005  20230804085443.0
=007  ta
=008  230804c20239999enkfr\g\\\\\\\0\\\a0eng\\
=022  0\$a2977-3636$202
=040  \\$aUk$beng$cUk$erda
=222  \0$aScenery
=245  00$aScenery.
=263  \\$a202310
=264  \1$aLondon :$bScenery Ltd
=310  \\$aSemiannual
=336  \\$atext$2rdacontent
=337  \\$aunmediated$2rdamedia
=338  \\$avolume$2rdacarrier
=985  \\$aLDO SERIALS - PLEASE PASS ALL ITEMS RECEIVED TO ISSN UK CENTRE.
=CAT  \\$a10806$b40$c20230804$lBLL01$h0854
=CAT  \\$a10806$b40$c20230804$lBLL01$h0854
=FMT  \\$a  SE
=LAS  \\$a10806$b40$c20230804$lBLL01$h0854
=LET  \0$aScenery (Print)

