=LDR  01213nas a22003498i 4500
=001  021166514
=003  Uk
=005  20230807093037.0
=007  ta
=008  230807c20239999enkmx\g\\\\\\\0\\\a0eng\\
=022  0\$a2977-3652$202
=040  \\$aUk$beng$cUk$erda
=222  \0$aOverlander 4x4$b(Qualify. Print)
=245  00$aOverlander 4x4.
=246  3\$aOverlander 4 x 4
=246  3\$aOverlander four by four
=263  \\$a202311
=264  \1$aBurton upon Trent :$bAssignment Media Ltd
=310  \\$aThirteen times a year
=336  \\$atext$2rdacontent
=337  \\$aunmediated$2rdamedia
=338  \\$avolume$2rdacarrier
=776  08$iAlso issued online as:$tOverlander 4x4$x2977-3660
=985  \\$aC/T from ISSN 1475-6188, 4 x 4. Please link on completion
=985  \\$aConsider 222 qualification? Overlander 4x4 mentioned as an earlier title in ISSN 0268-4586 Off road and 4 wheel driver.
=985  \\$aLDO SERIALS - PLEASE PASS ALL ITEMS RECEIVED TO ISSN UK CENTRE.
=CAT  \\$a10806$b40$c20230807$lBLL01$h0915
=CAT  \\$a10806$b40$c20230807$lBLL01$h0918
=CAT  \\$a10806$b40$c20230807$lBLL01$h0930
=FMT  \\$a  SE
=LAS  \\$a10806$b40$c20230807$lBLL01$h0930
=LET  \0$aOverlander 4x4 (Print)

