=LDR  00853nas a22002778i 4500
=001  021173193
=003  Uk
=005  20230811140000.0
=007  ta
=008  230811c20249999enkmx\g\\\\\\\0\\\a0eng\\
=022  0\$a2977-0521$202
=040  \\$aUk$beng$cUk$erda
=222  \0$aHedgehog deconstructed$b(Print)
=245  00$aHedgehog deconstructed.
=263  \\$a202407
=264  \1$aPortishead :$bM. Davidson (Hedgehog Press)
=310  \\$aNine issues yearly
=336  \\$atext$2rdacontent
=337  \\$aunmediated$2rdamedia
=338  \\$avolume$2rdacarrier
=776  08$iAlso issued online as:$tHedgehog deconstructed$x2977-053X
=985  \\$aLDO SERIALS - PLEASE PASS ALL ITEMS RECEIVED TO ISSN UK CENTRE.
=CAT  \\$a11313$b40$c20230811$lBLL01$h1400
=FMT  \\$a  SE
=LAS  \\$a11313$b40$c20230811$lBLL01$h1400
=LET  \0$aHedgehog deconstructed (Print)

