=LDR  00759nas a22002778i 4500
=001  021174308
=003  Uk
=005  20230814132607.0
=007  ta
=008  230814c20239999enkmr\p\\\\\\\0\\\a0eng\\
=022  0\$a2977-0556$202
=040  \\$aUk$beng$cUk$erda
=222  \0$aCrypto$b(Print)
=245  00$aCrypto.
=263  \\$a202309
=264  \1$aFaversham :$bC. Woolley
=310  \\$aMonthly
=336  \\$atext$2rdacontent
=337  \\$aunmediated$2rdamedia
=338  \\$avolume$2rdacarrier
=776  08$iAlso issued online as:$tCrypto$x2977-0564
=985  \\$aLDO SERIALS - PLEASE PASS ALL ITEMS RECEIVED TO ISSN UK CENTRE.
=CAT  \\$a11313$b40$c20230814$lBLL01$h1326
=FMT  \\$a  SE
=LAS  \\$a11313$b40$c20230814$lBLL01$h1326
=LET  \0$aCrypto (Print)

