=LDR  00810nas a22002778i 4500
=001  021178785
=003  Uk
=005  20230818093619.0
=007  ta
=008  230818c20239999enkqr\p\\\\\\\0\\\a0eng\\
=022  0\$a2977-0637$202
=040  \\$aUk$beng$cUk$erda
=222  \4$aThe spirit tracers$b(Print)
=245  04$aThe spirit tracers.
=263  \\$a202307
=264  \1$aKnebworth :$bM.A. Hutchinson
=310  \\$aQuarterly
=336  \\$atext$2rdacontent
=337  \\$aunmediated$2rdamedia
=338  \\$avolume$2rdacarrier
=776  08$iAlso issued online as:$tSpirit tracers$x2977-0645
=985  \\$aLDO SERIALS - PLEASE PASS ALL ITEMS RECEIVED TO ISSN UK CENTRE.
=CAT  \\$a11313$b40$c20230818$lBLL01$h0936
=FMT  \\$a  SE
=LAS  \\$a11313$b40$c20230818$lBLL01$h0936
=LET  \4$aThe spirit tracers (Print)

