=LDR  00987nas a22002778i 4500
=001  021181191
=003  Uk
=005  20230821082819.0
=007  ta
=008  230821c20249999enkbx\p\\\\\\\0\\\a0eng\\
=022  0\$a2977-0653$202
=040  \\$aUk$beng$cUk$erda
=222  \0$aElements in the ancient Near Eastern world and the Bible$b(Print)
=245  00$aElements in the ancient Near Eastern world and the Bible.
=263  \\$a202412
=264  \1$aCambridge :$bCambridge University Press
=310  \\$aEight issues yearly
=336  \\$atext$2rdacontent
=337  \\$aunmediated$2rdamedia
=338  \\$avolume$2rdacarrier
=776  08$iAlso issued online as:$tElements in the ancient Near Eastern world and the Bible$x2977-0661
=985  \\$aLDO SERIALS - PLEASE PASS ALL ITEMS RECEIVED TO ISSN UK CENTRE.
=CAT  \\$a11313$b40$c20230821$lBLL01$h0828
=FMT  \\$a  SE
=LAS  \\$a11313$b40$c20230821$lBLL01$h0828
=LET  \0$aElements in the ancient Near Eastern world and the Bible (Print)

