=LDR  00805nas a22002778i 4500
=001  021183642
=003  Uk
=005  20230822125223.0
=007  ta
=008  230822c20249999enk\x\j\\\\\\\0\\\a0eng\\
=022  0\$a2977-0718$202
=040  \\$aUk$beng$cUk$erda
=222  \0$aVampire studies$b(Print)
=245  00$aVampire studies.
=263  \\$a202412
=264  \1$aOxford :$bPeter Lang Publishing
=310  \\$aIrregular
=336  \\$atext$2rdacontent
=337  \\$aunmediated$2rdamedia
=338  \\$avolume$2rdacarrier
=776  08$iAlso issued online as:$tVampire studies$x2977-0726
=985  \\$aLDO SERIALS - PLEASE PASS ALL ITEMS RECEIVED TO ISSN UK CENTRE.
=CAT  \\$a11313$b40$c20230822$lBLL01$h1252
=FMT  \\$a  SE
=LAS  \\$a11313$b40$c20230822$lBLL01$h1252
=LET  \0$aVampire studies (Print)

