=LDR  00775nas a22002658i 4500
=001  021187811
=003  Uk
=005  20230824100854.0
=007  ta
=008  230824c20239999enkqr\p\\\\\\\0\\\a0eng\\
=022  0\$a2977-1641$202
=040  \\$aUk$beng$cUk$erda
=222  \0$aSwashbuckle special
=245  00$aSwashbuckle special.
=263  \\$a202311
=264  \1$aWolverhampton :$bSignature Publishing
=310  \\$aQuarterly
=336  \\$atext$2rdacontent
=337  \\$aunmediated$2rdamedia
=338  \\$avolume$2rdacarrier
=985  \\$aISSN UK Centre: please consider link to ISSN 2058-3230.
=985  \\$aLDO SERIALS - PLEASE PASS ALL ITEMS RECEIVED TO ISSN UK CENTRE.
=CAT  \\$a10973$b40$c20230824$lBLL01$h1008
=FMT  \\$a  SE
=LAS  \\$a10973$b40$c20230824$lBLL01$h1008

