=LDR  00965nas a22002658i 4500
=001  021193621
=003  Uk
=005  20230831085421.0
=007  ta
=008  230831c20239999enkqr\p\\\\\\\0\\\a0eng\\
=022  0\$a2977-165X$202
=040  \\$aUk$beng$cUk$erda
=222  \0$aBrood magazine
=245  00$aBrood magazine.
=263  \\$a202309
=264  \1$aManchester :$bBROOD Magazine Limited
=310  \\$aQuarterly
=336  \\$atext$2rdacontent
=337  \\$aunmediated$2rdamedia
=338  \\$avolume$2rdacarrier
=985  \\$aISSN UK Centre: title began as an online magazine, first print publication due in September 2023. Publisher will not be publishing equivalent digital version but will continue to take extracts/interviews and publish them online as previously (31/8/23 DLW).
=985  \\$aLDO SERIALS - PLEASE PASS ALL ITEMS RECEIVED TO ISSN UK CENTRE.
=CAT  \\$a10973$b40$c20230831$lBLL01$h0854
=FMT  \\$a  SE
=LAS  \\$a10973$b40$c20230831$lBLL01$h0854

