=LDR  00898nas a22002778i 4500
=001  021194200
=003  Uk
=005  20230901095214.0
=007  ta
=008  230901c20249999enkqr\g\\\\\\\0\\\a0eng\\
=022  0\$a2977-0777$202
=040  \\$aUk$beng$cUk$erda
=222  \0$aGlory$b(Club ed.)
=245  00$aGlory.
=263  \\$a202406
=264  \1$aNorwich :$bGlory Magazine Ltd
=310  \\$aQuarterly
=336  \\$atext$2rdacontent
=337  \\$aunmediated$2rdamedia
=338  \\$avolume$2rdacarrier
=985  \\$aISSN UK Centre note: Due to be a change of title from Glory (Special ed.) ISSN 2977-0769, please add 78X and LKR fields when completing. ISSN UK, 01.09.2023.
=985  \\$aLDO SERIALS - PLEASE PASS ALL ITEMS RECEIVED TO ISSN UK CENTRE.
=CAT  \\$a11313$b40$c20230901$lBLL01$h0952
=FMT  \\$a  SE
=LAS  \\$a11313$b40$c20230901$lBLL01$h0952
=LET  \0$aGlory (Club edition) (Print)

