=LDR  00869nas a22002778i 4500
=001  021196874
=003  Uk
=005  20230904080514.0
=007  ta
=008  230904c20239999enkar\j\\\\\\\0\\\a0eng\\
=022  0\$a2977-3717$202
=040  \\$aUk$beng$cUk$erda
=222  \0$aZero post$b(Print)
=245  00$aZero post :$bthe journal of the Vickers MG Collection & Research Association.
=263  \\$a202312
=264  \1$aSwindon :$bVickers MG Collection & Research Association
=310  \\$aAnnual
=336  \\$atext$2rdacontent
=337  \\$aunmediated$2rdamedia
=338  \\$avolume$2rdacarrier
=776  08$iAlso issued online as:$tZero post$x2977-3725
=985  \\$aLDO SERIALS - PLEASE PASS ALL ITEMS RECEIVED TO ISSN UK CENTRE.
=CAT  \\$a10806$b40$c20230904$lBLL01$h0805
=FMT  \\$a  SE
=LAS  \\$a10806$b40$c20230904$lBLL01$h0805
=LET  \0$aZero post (Print)

