=LDR  00915nas a22002778i 4500
=001  021196879
=003  Uk
=005  20230904084121.0
=007  ta
=008  230904c20249999enk\x\m\\\\\\\0\\\a0eng\\
=022  0\$a2977-3733$202
=040  \\$aUk$beng$cUk$erda
=222  \0$aElements in generative AI in education$b(Print)
=245  00$aElements in generative AI in education.
=263  \\$a202406
=264  \1$aCambridge :$bCambridge University Press
=310  \\$aIrregular
=336  \\$atext$2rdacontent
=337  \\$aunmediated$2rdamedia
=338  \\$avolume$2rdacarrier
=776  08$iAlso issued online as:$tElements in generative AI in education$x2977-3741
=985  \\$aLDO SERIALS - PLEASE PASS ALL ITEMS RECEIVED TO ISSN UK CENTRE.
=CAT  \\$a10806$b40$c20230904$lBLL01$h0841
=FMT  \\$a  SE
=LAS  \\$a10806$b40$c20230904$lBLL01$h0841
=LET  \0$aCambridge elements in generative AI in education (Print)

