=LDR  00891nas a22002778i 4500
=001  021196882
=003  Uk
=005  20230904085540.0
=007  ta
=008  230904c20249999enk\x\m\\\\\\\0\\\a0eng\\
=022  0\$a2977-375X$202
=040  \\$aUk$beng$cUk$erda
=222  \0$aElements in linguistic diversity$b(Print)
=245  00$aElements in linguistic diversity.
=263  \\$a202406
=264  \1$aCambridge :$bCambridge University Press
=310  \\$aIrregular
=336  \\$atext$2rdacontent
=337  \\$aunmediated$2rdamedia
=338  \\$avolume$2rdacarrier
=776  08$iAlso issued online as:$tElements in linguistic diversity$x2977-3768
=985  \\$aLDO SERIALS - PLEASE PASS ALL ITEMS RECEIVED TO ISSN UK CENTRE.
=CAT  \\$a10806$b40$c20230904$lBLL01$h0855
=FMT  \\$a  SE
=LAS  \\$a10806$b40$c20230904$lBLL01$h0855
=LET  \0$aCambridge elements in linguistic diversity (Print)

