=LDR  00821nas a22002778i 4500
=001  021196925
=003  Uk
=005  20230904115009.0
=007  ta
=008  230904c20249999enkqr\j\\\\\\\0\\\a0eng\\
=022  0\$a2977-3776$202
=040  \\$aUk$beng$cUk$erda
=222  \0$aAnimal nutriomics$b(Print)
=245  00$aAnimal nutriomics.
=263  \\$a202403
=264  \1$aCambridge :$bCambridge University Press
=310  \\$aQuarterly
=336  \\$atext$2rdacontent
=337  \\$aunmediated$2rdamedia
=338  \\$avolume$2rdacarrier
=776  08$iAlso issued online as:$tAnimal nutriomics$x2977-3784
=985  \\$aLDO SERIALS - PLEASE PASS ALL ITEMS RECEIVED TO ISSN UK CENTRE.
=CAT  \\$a10806$b40$c20230904$lBLL01$h1150
=FMT  \\$a  SE
=LAS  \\$a10806$b40$c20230904$lBLL01$h1150
=LET  \0$aAnimal nutriomics (Print)

