=LDR  00804nas a22002778i 4500
=001  021196993
=003  Uk
=005  20230904142656.0
=007  ta
=008  230904c20239999enkbr\g\\\\\\\0\\\a0eng\\
=022  0\$a2977-3814$202
=040  \\$aUk$beng$cUk$erda
=222  \0$aAll your poems$b(Print)
=245  00$aAll your poems.
=263  \\$a202312
=264  \1$aMartock, Somerset :$bStorm Grayson
=310  \\$aBimonthly
=336  \\$atext$2rdacontent
=337  \\$aunmediated$2rdamedia
=338  \\$avolume$2rdacarrier
=776  08$iAlso issued online as:$tAll your poems$x2977-3822
=985  \\$aLDO SERIALS - PLEASE PASS ALL ITEMS RECEIVED TO ISSN UK CENTRE.
=CAT  \\$a10806$b40$c20230904$lBLL01$h1426
=FMT  \\$a  SE
=LAS  \\$a10806$b40$c20230904$lBLL01$h1426
=LET  \0$aAll your poems (Print)

