=LDR  00696nas a22002658i 4500
=001  021197009
=003  Uk
=005  20230904145646.0
=007  ta
=008  230904c20239999enkar\g\\\\\\\0\\\a0eng\\
=022  0\$a2977-3830$202
=040  \\$aUk$beng$cUk$erda
=222  \0$aPISSOIR!
=245  00$aPISSOIR!
=263  \\$a202310
=264  \1$aNorwich :$bSalo Press
=310  \\$aAnnual
=336  \\$atext$2rdacontent
=337  \\$aunmediated$2rdamedia
=338  \\$avolume$2rdacarrier
=985  \\$aLDO SERIALS - PLEASE PASS ALL ITEMS RECEIVED TO ISSN UK CENTRE.
=CAT  \\$a10806$b40$c20230904$lBLL01$h1456
=FMT  \\$a  SE
=LAS  \\$a10806$b40$c20230904$lBLL01$h1456
=LET  \0$aPISSOIR! (Print)

