=LDR  00894nas a22002778i 4500
=001  021197299
=003  Uk
=005  20230905144729.0
=007  ta
=008  230905c20249999enkuu\g\\\\\\\0\\\a0eng\\
=022  0\$a2977-3849$202
=040  \\$aUk$beng$cUk$erda
=222  \0$aPeppa Pig magazine
=245  00$aPeppa Pig magazine.
=263  \\$a202401
=264  \1$aLondon :$bStory House Egmont Limited
=336  \\$atext$2rdacontent
=337  \\$aunmediated$2rdamedia
=338  \\$avolume$2rdacarrier
=985  \\$aC/T from ISSN 1752-6655 Fun to learn. Peppa Pig. Please link on completion.
=985  \\$aPlease check frequency on completion. Application states '3 weekly'.
=985  \\$aLDO SERIALS - PLEASE PASS ALL ITEMS RECEIVED TO ISSN UK CENTRE.
=CAT  \\$a10806$b40$c20230905$lBLL01$h1447
=FMT  \\$a  SE
=LAS  \\$a10806$b40$c20230905$lBLL01$h1447
=LET  \0$aPeppa Pig magazine (Print)

