=LDR  00996nas a22003018i 4500
=001  021201523
=003  Uk
=005  20230906140114.0
=007  ta
=008  230906c20249999enkqr\g\\\\\\\0\\\a0eng\\
=022  0\$a2977-3857$202
=040  \\$aUk$beng$cUk$erda
=222  \0$aG.I. journal$b(Qualify)
=245  00$aG.I. journal.
=263  \\$a202401
=264  \1$aBoston, Lincolnshire :$bStrictly G.I.
=310  \\$aQuarterly
=336  \\$atext$2rdacontent
=337  \\$aunmediated$2rdamedia
=338  \\$avolume$2rdacarrier
=985  \\$aISSN applicant unsure when digital version will be published - may need second number in the future. Publisher will contact ISSN UK when needed.
=985  \\$aLDO SERIALS - PLEASE PASS ALL ITEMS RECEIVED TO ISSN UK CENTRE.
=CAT  \\$a10806$b40$c20230906$lBLL01$h0832
=CAT  \\$a10806$b40$c20230906$lBLL01$h0835
=CAT  \\$a10806$b40$c20230906$lBLL01$h1401
=FMT  \\$a  SE
=LAS  \\$a10806$b40$c20230906$lBLL01$h1401
=LET  \0$aG.I. journal (Print)

