=LDR  00915nas a22002658i 4500
=001  021202630
=003  Uk
=005  20230907092359.0
=007  ta
=008  230907c20239999enk\x\m\\\\\\\0\\\a0eng\\
=022  0\$a2977-1692$202
=040  \\$aUk$beng$cUk$erda
=222  \0$aCambridge elements in ancient science, technology and medicine$b(Print)
=245  00$aCambridge elements in ancient science, technology and medicine.
=263  \\$a2023012
=264  \1$aCambridge :$bCambridge University Press
=310  \\$aIrregular
=336  \\$atext$2rdacontent
=337  \\$aunmediated$2rdamedia
=338  \\$avolume$2rdacarrier
=776  08$iAlso issued online as:$tCambridge elements in ancient science, technology and medicine$x2977-1706
=985  \\$aLDO SERIALS - PLEASE PASS ALL ITEMS RECEIVED TO ISSN UK CENTRE.
=CAT  \\$a10973$b40$c20230907$lBLL01$h0924
=FMT  \\$a  SE
=LAS  \\$a10973$b40$c20230907$lBLL01$h0924

