=LDR  00999nas a22002898i 4500
=001  021202824
=003  Uk
=005  20230907125421.0
=007  ta
=008  230907c20239999enkqr\p\\\\\\\0\\\a0eng\\
=022  0\$a2977-1714$202
=040  \\$aUk$beng$cUk$erda
=222  \0$aAmiga point of view$b(Print)
=245  00$aAmiga point of view.
=246  13$aAPoV
=263  \\$a202310
=264  \1$aReading :$bAbime.net
=310  \\$aQuarterly
=336  \\$atext$2rdacontent
=337  \\$aunmediated$2rdamedia
=338  \\$avolume$2rdacarrier
=985  \\$aISSN UK Centre: launched as irregluar online publication in 2003, see ISSN 2977-1722 - please add 776 to both records on completion. From October 2023 will become a quarterly publication in print and online formats.
=985  \\$aLDO SERIALS - PLEASE PASS ALL ITEMS RECEIVED TO ISSN UK CENTRE.
=CAT  \\$a10973$b40$c20230907$lBLL01$h1254
=FMT  \\$a  SE
=LAS  \\$a10973$b40$c20230907$lBLL01$h1254
=LET  \0$aAPoV - Amiga point of view (Print)

