=LDR  01230nas a22002898i 4500
=001  021202854
=003  Uk
=005  20230907135445.0
=007  ta
=008  230907c20249999enkmx\p\\\\\\\0\\\a0eng\\
=022  0\$a2977-1749$202
=040  \\$aUk$beng$cUk$erda
=222  \0$aPeppa Pig playpack
=245  00$aPeppa Pig playpack.
=246  3\$aPeppa Pig play pack
=263  \\$a202401
=264  \1$aLondon :$bStory House Egmont Limited
=310  \\$aEvery 4 weeks
=336  \\$atext$2rdacontent
=337  \\$aunmediated$2rdamedia
=338  \\$avolume$2rdacarrier
=985  \\$aISSN UK Centre: change of title from 'Peppa pig bag-o-fun magazine', ISSN 2040-1698. Please add 78X/LKR as required.
=985  \\$aISSN UK Centre: phone call from publisher confirms this will be same format as previous title and not a 'pack' (out of scope for ISSN), will be magazine + covermounts. SHE confirm last issue of former title will be 173 (asking LDO if they want to re-open 014898549 (currently closed in 2022) and claim missing issues from Redan 7/9/23 DLW).
=985  \\$aLDO SERIALS - PLEASE PASS ALL ITEMS RECEIVED TO ISSN UK CENTRE.
=CAT  \\$a10973$b40$c20230907$lBLL01$h1354
=FMT  \\$a  SE
=LAS  \\$a10973$b40$c20230907$lBLL01$h1354

