=LDR  00672nas a22002538i 4500
=001  021202940
=003  Uk
=005  20230907175448.0
=007  ta
=008  230907c20249999enkqr\p\\\\\\\0\\\a0eng\\
=022  0\$a2977-179X$202
=040  \\$aUk$beng$cUk$erda
=222  \0$aSmoothmind
=245  00$aSmoothmind.
=263  \\$a202401
=264  \1$aLondon :$bSmoothmind Ltd
=310  \\$aQuarterly
=336  \\$atext$2rdacontent
=337  \\$aunmediated$2rdamedia
=338  \\$avolume$2rdacarrier
=985  \\$aLDO SERIALS - PLEASE PASS ALL ITEMS RECEIVED TO ISSN UK CENTRE.
=CAT  \\$a10973$b40$c20230907$lBLL01$h1754
=FMT  \\$a  SE
=LAS  \\$a10973$b40$c20230907$lBLL01$h1754

