=LDR  00942nas a22002898i 4500
=001  021204903
=003  Uk
=005  20230911135022.0
=007  ta
=008  230911c20239999enkfr\g\\\\\\\0\\\a0eng\\
=022  0\$a2977-3873$202
=040  \\$aUk$beng$cUk$erda
=222  \0$aEastern Airways altitude$b(Print)
=245  00$aEastern Airways altitude.
=263  \\$a202310
=264  \1$aDurham :$bGravity Consulting
=310  \\$aSemiannual
=336  \\$atext$2rdacontent
=337  \\$aunmediated$2rdamedia
=338  \\$avolume$2rdacarrier
=776  08$iAlso issued online as:$tEastern Airways altitude$x2977-3881
=985  \\$aC/T from ISSN 2044-7124 Eastern Airways in-flight magazine. Please link on completion.
=985  \\$aLDO SERIALS - PLEASE PASS ALL ITEMS RECEIVED TO ISSN UK CENTRE.
=CAT  \\$a10806$b40$c20230911$lBLL01$h1350
=FMT  \\$a  SE
=LAS  \\$a10806$b40$c20230911$lBLL01$h1350
=LET  \0$aEastern Airways altitude (Print)

