=LDR  00719nas a22002538i 4500
=001  021209044
=003  Uk
=005  20230914113555.0
=007  ta
=008  230914c20239999enktr\g\\\\\\\0\\\a0eng\\
=022  0\$a2977-182X$202
=040  \\$aUk$beng$cUk$erda
=222  \0$aMathematical angles
=245  00$aMathematical angles.
=263  \\$a202310
=264  \1$aLoughborough :$bThe Mathematical Association
=310  \\$aThree times a year
=336  \\$atext$2rdacontent
=337  \\$aunmediated$2rdamedia
=338  \\$avolume$2rdacarrier
=985  \\$aLDO SERIALS - PLEASE PASS ALL ITEMS RECEIVED TO ISSN UK CENTRE.
=CAT  \\$a10973$b40$c20230914$lBLL01$h1135
=FMT  \\$a  SE
=LAS  \\$a10973$b40$c20230914$lBLL01$h1135

