=LDR  00973nas a22003018i 4500
=001  021211803
=003  Uk
=005  20230918115407.0
=007  ta
=008  230918c20249999enkqr\g\\\\\\\0\\\a0eng\\
=022  0\$a2977-3938$202
=040  \\$aUk$beng$cUk$erda
=222  \0$aCosmetics world magazine$b(Print)
=245  00$aCosmetics world magazine.
=263  \\$a202401
=264  \1$aHitchin :$bShowtime Media Services Limited
=310  \\$aQuarterly
=336  \\$atext$2rdacontent
=337  \\$aunmediated$2rdamedia
=338  \\$avolume$2rdacarrier
=776  08$iAlso issued online as:$tCosmetics world magazine$x2977-3946
=985  \\$aLDO SERIALS - PLEASE PASS ALL ITEMS RECEIVED TO ISSN UK CENTRE.
=985  \\$aISSN application form: Monthly online, quarterly print.
=CAT  \\$a10806$b40$c20230918$lBLL01$h1150
=CAT  \\$a10806$b40$c20230918$lBLL01$h1154
=FMT  \\$a  SE
=LAS  \\$a10806$b40$c20230918$lBLL01$h1154
=LET  \0$aCosmetics world magazine (Print)

