=LDR  00682nas a22002538i 4500
=001  021219417
=003  Uk
=005  20230922171740.0
=007  ta
=008  230922c20239999enkqr\p\\\\\\\0\\\a0eng\\
=022  0\$a2977-1897$202
=040  \\$aUk$beng$cUk$erda
=222  \4$aThe secret sip
=245  04$aThe secret sip.
=263  \\$a202309
=264  \1$aChelmsford :$bNJIW Limited
=310  \\$aQuarterly
=336  \\$atext$2rdacontent
=337  \\$aunmediated$2rdamedia
=338  \\$avolume$2rdacarrier
=985  \\$aLDO SERIALS - PLEASE PASS ALL ITEMS RECEIVED TO ISSN UK CENTRE.
=CAT  \\$a10973$b40$c20230922$lBLL01$h1717
=FMT  \\$a  SE
=LAS  \\$a10973$b40$c20230922$lBLL01$h1717

