=LDR  00680nas a22002538i 4500
=001  021222220
=003  Uk
=005  20230925100904.0
=007  ta
=008  230925c20239999enkgr\p\\\\\\\0\\\a0eng\\
=022  0\$a2977-1900$202
=040  \\$aUk$beng$cUk$erda
=222  \0$aLiminal$b(Qualify)
=245  00$aLiminal.
=263  \\$a202310
=264  \1$aArundel :$bChichester Stanza
=310  \\$aBiennial
=336  \\$atext$2rdacontent
=337  \\$aunmediated$2rdamedia
=338  \\$avolume$2rdacarrier
=985  \\$aLDO SERIALS - PLEASE PASS ALL ITEMS RECEIVED TO ISSN UK CENTRE.
=CAT  \\$a10973$b40$c20230925$lBLL01$h1009
=FMT  \\$a  SE
=LAS  \\$a10973$b40$c20230925$lBLL01$h1009

