=LDR  00694nas a22002658i 4500
=001  021228694
=003  Uk
=005  20230929103433.0
=007  ta
=008  230929c20239999enktr\p\\\\\\\0\\\a0eng\\
=022  0\$a2977-0831$202
=040  \\$aUk$beng$cUk$erda
=222  \0$aCwlwm
=245  00$aCwlwm.
=263  \\$a202310
=264  \1$aCardiff :$bCwlwm
=310  \\$aThree issues yearly
=336  \\$atext$2rdacontent
=337  \\$aunmediated$2rdamedia
=338  \\$avolume$2rdacarrier
=985  \\$aLDO SERIALS - PLEASE PASS ALL ITEMS RECEIVED TO ISSN UK CENTRE.
=CAT  \\$a11313$b40$c20230929$lBLL01$h1034
=FMT  \\$a  SE
=LAS  \\$a11313$b40$c20230929$lBLL01$h1034
=LET  \0$aCwlwm (Print)

