=LDR  00732nas a22002658i 4500
=001  021232506
=003  Uk
=005  20231002111738.0
=007  ta
=008  231002c20239999enkqr\p\\\\\\\0\\\a0eng\\
=022  0\$a2977-084X$202
=040  \\$aUk$beng$cUk$erda
=222  \0$aAlways listening
=245  00$aAlways listening.
=263  \\$a202310
=264  \1$aSalford :$bRear Window Editions
=310  \\$aQuarterly
=336  \\$atext$2rdacontent
=337  \\$aunmediated$2rdamedia
=338  \\$avolume$2rdacarrier
=985  \\$aLDO SERIALS - PLEASE PASS ALL ITEMS RECEIVED TO ISSN UK CENTRE.
=CAT  \\$a11313$b40$c20231002$lBLL01$h1117
=FMT  \\$a  SE
=LAS  \\$a11313$b40$c20231002$lBLL01$h1117
=LET  \0$aAlways listening (Print)

