=LDR  00852nas a22002778i 4500
=001  021232632
=003  Uk
=005  20231002125650.0
=007  ta
=008  231002c20239999enkqr\p\\\\\\\0\\\a0eng\\
=022  0\$a2977-0858$202
=040  \\$aUk$beng$cUk$erda
=222  \0$aShopkins special
=245  00$aShopkins special.
=263  \\$a202311
=264  \1$aBristol :$bKennedy Publishing
=310  \\$aQuarterly
=336  \\$atext$2rdacontent
=337  \\$aunmediated$2rdamedia
=338  \\$avolume$2rdacarrier
=985  \\$aISSN UK Centre: special quarterly edition related to 'Shopkins' ISSN 2057-6072, please link as necessary.
=985  \\$aLDO SERIALS - PLEASE PASS ALL ITEMS RECEIVED TO ISSN UK CENTRE.
=CAT  \\$a11313$b40$c20231002$lBLL01$h1256
=FMT  \\$a  SE
=LAS  \\$a11313$b40$c20231002$lBLL01$h1256
=LET  \0$aShopkins special (Print)

