=LDR  00805nas a22002658i 4500
=001  021233515
=003  Uk
=005  20231003093203.0
=007  ta
=008  231003c20249999enkmx\p\\\\\\\0\\\a0eng\\
=022  0\$a2977-0904$202
=040  \\$aUk$beng$cUk$erda
=222  \0$aPinata smashlings official magazine
=245  00$aPinata smashlings official magazine.
=263  \\$a202403
=264  \1$aShrewsbury :$bRedan Publishing Ltd
=310  \\$aEvery four weeks
=336  \\$atext$2rdacontent
=337  \\$aunmediated$2rdamedia
=338  \\$avolume$2rdacarrier
=985  \\$aLDO SERIALS - PLEASE PASS ALL ITEMS RECEIVED TO ISSN UK CENTRE.
=CAT  \\$a11313$b40$c20231003$lBLL01$h0932
=FMT  \\$a  SE
=LAS  \\$a11313$b40$c20231003$lBLL01$h0932
=LET  \0$aPinata smashlings official magazine (Print)

