=LDR  00859nas a22002658i 4500
=001  021233585
=003  Uk
=005  20231003112727.0
=007  ta
=008  231003c20249999enkmr\p\\\\\\\0\\\a0eng\\
=022  0\$a2977-0912$202
=040  \\$aUk$beng$cUk$erda
=222  \0$aLegends of Ferrari F1 - die-cast 1:24 scale model collection
=245  00$aLegends of Ferrari F1 - die-cast 1:24 scale model collection.
=263  \\$a202401
=264  \1$aLondon :$bDe Agostini UK Ltd
=310  \\$aMonthly
=336  \\$atext$2rdacontent
=337  \\$aunmediated$2rdamedia
=338  \\$avolume$2rdacarrier
=985  \\$aLDO SERIALS - PLEASE PASS ALL ITEMS RECEIVED TO ISSN UK CENTRE.
=CAT  \\$a11313$b40$c20231003$lBLL01$h1127
=FMT  \\$a  SE
=LAS  \\$a11313$b40$c20231003$lBLL01$h1127
=LET  \0$aLegends of Ferrari F1 - die-cast 1:24 scale model collection (Print)

