=LDR  00743nas a22002658i 4500
=001  021233691
=003  Uk
=005  20231003144310.0
=007  ta
=008  231003c20239999enkar\p\\\\\\\0\\\a0eng\\
=022  0\$a2977-0939$202
=040  \\$aUk$beng$cUk$erda
=222  \0$aBattersea anthology
=245  00$aBattersea anthology
=263  \\$a202311
=264  \1$aLondon :$bBattersea Anthology Limited
=310  \\$aAnnual
=336  \\$atext$2rdacontent
=337  \\$aunmediated$2rdamedia
=338  \\$avolume$2rdacarrier
=985  \\$aLDO SERIALS - PLEASE PASS ALL ITEMS RECEIVED TO ISSN UK CENTRE.
=CAT  \\$a11313$b40$c20231003$lBLL01$h1443
=FMT  \\$a  SE
=LAS  \\$a11313$b40$c20231003$lBLL01$h1443
=LET  \0$aBattersea anthology (Print)

