=LDR  00714nas a22002658i 4500
=001  021237763
=003  Uk
=005  20231005092110.0
=007  ta
=008  231005c20239999enkar\p\\\\\\\0\\\a0eng\\
=022  0\$a2977-0947$202
=040  \\$aUk$beng$cUk$erda
=222  \0$aWhat do you say?
=245  00$aWhat do you say?
=263  \\$a202312
=264  \1$aBristol :$bGASP-C
=310  \\$aAnnual
=336  \\$atext$2rdacontent
=337  \\$aunmediated$2rdamedia
=338  \\$avolume$2rdacarrier
=985  \\$aLDO SERIALS - PLEASE PASS ALL ITEMS RECEIVED TO ISSN UK CENTRE.
=CAT  \\$a11313$b40$c20231005$lBLL01$h0921
=FMT  \\$a  SE
=LAS  \\$a11313$b40$c20231005$lBLL01$h0921
=LET  \0$aWhat do you say? (Print)

