=LDR  00740nas a22002778i 4500
=001  021237841
=003  Uk
=005  20231005110953.0
=007  ta
=008  231005c20239999enktr\p\\\\\\\0\\\a0eng\\
=022  0\$a2977-0955$202
=040  \\$aUk$beng$cUk$erda
=222  \0$aSeen.by.
=245  00$aSeen.by.
=246  13$aSeen by
=263  \\$a202312
=264  \1$aNewcastle upon Tyne :$bM. Maza
=310  \\$aThree issues yearly
=336  \\$atext$2rdacontent
=337  \\$aunmediated$2rdamedia
=338  \\$avolume$2rdacarrier
=985  \\$aLDO SERIALS - PLEASE PASS ALL ITEMS RECEIVED TO ISSN UK CENTRE.
=CAT  \\$a11313$b40$c20231005$lBLL01$h1109
=FMT  \\$a  SE
=LAS  \\$a11313$b40$c20231005$lBLL01$h1109
=LET  \0$aSeen.by. (Print)

