=LDR  00787nas a22002778i 4500
=001  021237860
=003  Uk
=005  20231005114144.0
=007  ta
=008  231005c20239999enkqr\p\\\\\\\0\\\a0eng\\
=022  0\$a2977-0963$202
=040  \\$aUk$beng$cUk$erda
=222  \4$aThe cell base$b(Print)
=245  04$aThe cell base.
=263  \\$a202310
=264  \1$aBath :$bFoodBev Media Ltd
=310  \\$aQuarterly
=336  \\$atext$2rdacontent
=337  \\$aunmediated$2rdamedia
=338  \\$avolume$2rdacarrier
=776  08$iAlso issued online as:$tCell base$x2977-0971
=985  \\$aLDO SERIALS - PLEASE PASS ALL ITEMS RECEIVED TO ISSN UK CENTRE.
=CAT  \\$a11313$b40$c20231005$lBLL01$h1141
=FMT  \\$a  SE
=LAS  \\$a11313$b40$c20231005$lBLL01$h1141
=LET  \4$aThe cell base (Print)

