=LDR  00856nas a22003018i 4500
=001  021238086
=003  Uk
=005  20231005153056.0
=007  ta
=008  231005c20239999enkbr\p\\\\\\\0\\\a0eng\\
=022  0\$a2977-098X$202
=040  \\$aUk$beng$cUk$erda
=222  \0$aIDAssets$b(Print)
=245  00$aIDAssets.
=246  3\$aID assets
=263  \\$a202310
=264  \1$aBath :$bSJB Media International Ltd
=310  \\$aBimonthly
=336  \\$atext$2rdacontent
=337  \\$aunmediated$2rdamedia
=338  \\$avolume$2rdacarrier
=776  08$iAlso issued online as:$tIDAssets$x2977-0998
=985  \\$aLDO SERIALS - PLEASE PASS ALL ITEMS RECEIVED TO ISSN UK CENTRE.
=CAT  \\$a11313$b40$c20231005$lBLL01$h1527
=CAT  \\$a11313$b40$c20231005$lBLL01$h1530
=FMT  \\$a  SE
=LAS  \\$a11313$b40$c20231005$lBLL01$h1530
=LET  \0$aIDAssets (Print)

