=LDR  00877nas a22002778i 4500
=001  021243872
=003  Uk
=005  20231010074946.0
=007  ta
=008  231010c20239999enkfr\p\\\\\\\0\\\a0eng\\
=022  0\$a2977-4004$202
=040  \\$aUk$beng$cUk$erda
=222  \0$aBlackdot Gallery artist interviews$b(Print)
=245  00$aBlackdot Gallery artist interviews.
=263  \\$a202312
=264  \1$aLondon :$bBlackdot Gallery
=310  \\$aSemiannual
=336  \\$atext$2rdacontent
=337  \\$aunmediated$2rdamedia
=338  \\$avolume$2rdacarrier
=776  08$iAlso issued online as:$tBlackdot Gallery artist interviews$x2977-4012
=985  \\$aLDO SERIALS - PLEASE PASS ALL ITEMS RECEIVED TO ISSN UK CENTRE.
=CAT  \\$a10806$b40$c20231010$lBLL01$h0749
=FMT  \\$a  SE
=LAS  \\$a10806$b40$c20231010$lBLL01$h0749
=LET  \0$aBlackdot Gallery artist interviews (Print)

