=LDR  00808nas a22002778i 4500
=001  021243878
=003  Uk
=005  20231010082534.0
=007  ta
=008  231010c20239999enkqr\j\\\\\\\0\\\a0eng\\
=022  0\$a2977-4020$202
=040  \\$aUk$beng$cUk$erda
=222  \4$aThe maternity nurse$b(Print)
=245  04$aThe maternity nurse.
=263  \\$a202310
=264  \1$aLondon :$bKaren Carter
=310  \\$aQuarterly
=336  \\$atext$2rdacontent
=337  \\$aunmediated$2rdamedia
=338  \\$avolume$2rdacarrier
=776  08$iAlso issued online as:$tMaternity nurse$x2977-4039
=985  \\$aLDO SERIALS - PLEASE PASS ALL ITEMS RECEIVED TO ISSN UK CENTRE.
=CAT  \\$a10806$b40$c20231010$lBLL01$h0825
=FMT  \\$a  SE
=LAS  \\$a10806$b40$c20231010$lBLL01$h0825
=LET  \4$aThe maternity nurse (Print)

