=LDR  00773nas a22002658i 4500
=001  021247939
=003  Uk
=005  20231012092334.0
=007  ta
=008  231012c20249999enkwr\p\\\\\\\0\\\a0eng\\
=022  0\$a2977-5515$202
=040  \\$aUk$beng$cUk$erda
=222  \0$aWarhammer 40,000 Combat Patrol
=245  00$aWarhammer 40,000 Combat Patrol.
=263  \\$a202402
=264  \1$aLondon :$bHachette Partworks Ltd
=310  \\$aWeekly
=336  \\$atext$2rdacontent
=337  \\$aunmediated$2rdamedia
=338  \\$avolume$2rdacarrier
=985  \\$aLDO SERIALS - PLEASE PASS ALL ITEMS RECEIVED TO ISSN UK CENTRE.
=CAT  \\$a11313$b40$c20231012$lBLL01$h0923
=FMT  \\$a  SE
=LAS  \\$a11313$b40$c20231012$lBLL01$h0923
=LET  \0$aWarhammer 40,000 Combat Control (Print)

