=LDR  00897nas a22002898i 4500
=001  021247965
=003  Uk
=005  20231012100518.0
=007  ta
=008  231012c20239999enkqr\p\\\\\\\0\\\a0eng\\
=022  0\$a2977-8042$202
=040  \\$aUk$beng$cUk$erda
=222  \0$aPolicy intel$b(Print)
=245  00$aPolicy intel.
=263  \\$a202310
=264  \1$aLondon :$bBrian Reuben Policy Group Limited
=310  \\$aQuarterly
=336  \\$atext$2rdacontent
=337  \\$aunmediated$2rdamedia
=338  \\$avolume$2rdacarrier
=776  08$iAlso issued online as:$tPolicy intel$x2977-8050
=985  \\$aChange of title from 'The agenda' ISSN 2770-8748 ; please link as required.
=985  \\$aLDO SERIALS - PLEASE PASS ALL ITEMS RECEIVED TO ISSN UK CENTRE.
=CAT  \\$a10973$b40$c20231012$lBLL01$h1005
=FMT  \\$a  SE
=LAS  \\$a10973$b40$c20231012$lBLL01$h1005
=LET  \0$aPolicy intel (Print)

