=LDR  00975nas a22002778i 4500
=001  021248005
=003  Uk
=005  20231012112519.0
=007  ta
=008  231012c20239999enkfr\j\\\\\\\0\\\a0eng\\
=022  0\$a2977-5523$202
=040  \\$aUk$beng$cUk$erda
=222  \0$aUniversity of St Andrews arts and divinity journal$b(Print)
=245  00$aUniversity of St Andrews arts and divinity journal.
=263  \\$a202311
=264  \1$aSt Andrews :$bUniversity of St Andrews Students' Association
=310  \\$aSemiannual
=336  \\$atext$2rdacontent
=337  \\$aunmediated$2rdamedia
=338  \\$avolume$2rdacarrier
=776  08$iAlso issued online as:$tUniversity of St Andrews arts and divinity journal$x2977-5531
=985  \\$aLDO SERIALS - PLEASE PASS ALL ITEMS RECEIVED TO ISSN UK CENTRE.
=CAT  \\$a11313$b40$c20231012$lBLL01$h1125
=FMT  \\$a  SE
=LAS  \\$a11313$b40$c20231012$lBLL01$h1125
=LET  \0$aUniversity of St Andrews arts and divinity journal (Print)

