=LDR  00808nas a22002778i 4500
=001  021248029
=003  Uk
=005  20231012120134.0
=007  ta
=008  231012c20239999enkqr\g\\\\\\\0\\\a0eng\\
=022  0\$a2977-8077$202
=040  \\$aUk$beng$cUk$erda
=222  \4$aThe keeper$b(Qualify. Print)
=245  04$aThe keeper.
=263  \\$a202310
=264  \1$aWinchester :$bResponsible Reptile Keeping Limited
=310  \\$aQuarterly
=336  \\$atext$2rdacontent
=337  \\$aunmediated$2rdamedia
=338  \\$avolume$2rdacarrier
=776  08$iAlso issued online as:$tKeeper$x2977-8085
=985  \\$aLDO SERIALS - PLEASE PASS ALL ITEMS RECEIVED TO ISSN UK CENTRE.
=CAT  \\$a10973$b40$c20231012$lBLL01$h1201
=FMT  \\$a  SE
=LAS  \\$a10973$b40$c20231012$lBLL01$h1201
=LET  \4$aThe keeper (Print)

