=LDR  00818nas a22002658i 4500
=001  021248037
=003  Uk
=005  20231012121505.0
=007  ta
=008  231012c20249999enkwr\p\\\\\\\0\\\a0eng\\
=022  0\$a2977-8093$202
=040  \\$aUk$beng$cUk$erda
=222  \0$aBuild the James Bond DB5
=245  00$aBuild the James Bond DB5.
=263  \\$a202403
=264  \1$aLondon :$bHachette Partworks
=310  \\$aWeekly
=336  \\$atext$2rdacontent
=337  \\$aunmediated$2rdamedia
=338  \\$avolume$2rdacarrier
=985  \\$aISSN UK Centre: publisher confirms this is not related to existing GE Fabbri title (ISSN 2043-0361).
=985  \\$aLDO SERIALS - PLEASE PASS ALL ITEMS RECEIVED TO ISSN UK CENTRE.
=CAT  \\$a10973$b40$c20231012$lBLL01$h1215
=FMT  \\$a  SE
=LAS  \\$a10973$b40$c20231012$lBLL01$h1215

