=LDR  00809nas a22002658i 4500
=001  021248051
=003  Uk
=005  20231012125453.0
=007  ta
=008  231012c20249999enk\x\m\\\\\\\0\\\a0eng\\
=022  0\$a2977-8107$202
=040  \\$aUk$beng$cUk$erda
=222  \0$aElements in climate finance$b(Print)
=245  00$aElements in climate finance.
=263  \\$a202406
=264  \1$aCambridge :$bCambridge University Press
=310  \\$aIrregular
=336  \\$atext$2rdacontent
=337  \\$aunmediated$2rdamedia
=338  \\$avolume$2rdacarrier
=776  08$iAlso issued online as:$tElements in climate finance$x2977-8115
=985  \\$aLDO SERIALS - PLEASE PASS ALL ITEMS RECEIVED TO ISSN UK CENTRE.
=CAT  \\$a10973$b40$c20231012$lBLL01$h1254
=FMT  \\$a  SE
=LAS  \\$a10973$b40$c20231012$lBLL01$h1254

