=LDR  00709nas a22002538i 4500
=001  021253403
=003  Uk
=005  20231016133251.0
=007  ta
=008  231016c20239999stkar\\\\\\\\\0\\\a0eng\\
=022  0\$a2977-4071$202
=040  \\$aUk$beng$cUk$erda
=222  \0$aGlasgow's city of poets review
=245  00$aGlasgow's city of poets review.
=263  \\$a202311
=264  \1$aGlasgow :$bSP SQUARE cic
=310  \\$aAnnual
=336  \\$atext$2rdacontent
=337  \\$aunmediated$2rdamedia
=338  \\$avolume$2rdacarrier
=985  \\$aLDO SERIALS - PLEASE PASS ALL ITEMS RECEIVED TO ISSN UK CENTRE.
=CAT  \\$a10806$b40$c20231016$lBLL01$h1332
=FMT  \\$a  SE
=LAS  \\$a10806$b40$c20231016$lBLL01$h1332

