=LDR  00709nas a22002658i 4500
=001  021253591
=003  Uk
=005  20231017075447.0
=007  ta
=008  231017c20249999enkwr\p\\\\\\\0\\\a0eng\\
=022  0\$a2977-5574$202
=040  \\$aUk$beng$cUk$erda
=222  \4$aThe dalek
=245  04$aThe dalek.
=263  \\$a202404
=264  \1$aLondon :$bHachette Partworks Ltd
=310  \\$aWeekly
=336  \\$atext$2rdacontent
=337  \\$aunmediated$2rdamedia
=338  \\$avolume$2rdacarrier
=985  \\$aLDO SERIALS - PLEASE PASS ALL ITEMS RECEIVED TO ISSN UK CENTRE.
=CAT  \\$a11313$b40$c20231017$lBLL01$h0754
=FMT  \\$a  SE
=LAS  \\$a11313$b40$c20231017$lBLL01$h0754
=LET  \4$aThe dalek (Print)

